@Manual{R-abind,
  title = {abind: Combine Multidimensional Arrays},
  author = {Tony Plate and Richard Heiberger},
  year = {2016},
  note = {R package version 1.4-5},
  url = {https://CRAN.R-project.org/package=abind},
}

@Manual{R-ape,
  title = {ape: Analyses of Phylogenetics and Evolution},
  author = {Emmanuel Paradis and Simon Blomberg and Ben Bolker and Joseph Brown and Santiago Claramunt and Julien Claude and Hoa Sien Cuong and Richard Desper and Gilles Didier and Benoit Durand and Julien Dutheil and RJ Ewing and Olivier Gascuel and Thomas Guillerme and Christoph Heibl and Anthony Ives and Bradley Jones and Franz Krah and Daniel Lawson and Vincent Lefort and Pierre Legendre and Jim Lemon and Guillaume Louvel and Eric Marcon and Rosemary McCloskey and Johan Nylander and Rainer Opgen-Rhein and Andrei-Alin Popescu and Manuela Royer-Carenzi and Klaus Schliep and Korbinian Strimmer and Damien {de Vienne}},
  year = {2021},
  note = {R package version 5.5},
  url = {http://ape-package.ird.fr/},
}

@Manual{R-arrayhelpers,
  title = {arrayhelpers: Convenience Functions for Arrays},
  author = {C. Beleites},
  year = {2020},
  note = {R package version 1.1-0},
  url = {http://arrayhelpers.r-forge.r-project.org/},
}

@Manual{R-askpass,
  title = {askpass: Safe Password Entry for R, Git, and SSH},
  author = {Jeroen Ooms},
  year = {2019},
  note = {R package version 1.1},
  url = {https://github.com/jeroen/askpass#readme},
}

@Manual{R-asreml,
  title = {asreml: Fits the Linear Mixed Model},
  author = {David Butler},
  year = {2021},
  note = {R package version 4.1.0.149},
  url = {www.vsni.co.uk},
}

@Manual{R-assertthat,
  title = {assertthat: Easy Pre and Post Assertions},
  author = {Hadley Wickham},
  year = {2019},
  note = {R package version 0.2.1},
  url = {https://CRAN.R-project.org/package=assertthat},
}

@Manual{R-backports,
  title = {backports: Reimplementations of Functions Introduced Since R-3.0.0},
  author = {Michel Lang and {R Core Team}},
  year = {2021},
  note = {R package version 1.3.0},
  url = {https://github.com/r-lib/backports},
}

@Manual{R-base,
  title = {R: A Language and Environment for Statistical Computing},
  author = {{R Core Team}},
  organization = {R Foundation for Statistical Computing},
  address = {Vienna, Austria},
  year = {2021},
  url = {https://www.R-project.org/},
}

@Manual{R-base64enc,
  title = {base64enc: Tools for base64 encoding},
  author = {Simon Urbanek},
  year = {2015},
  note = {R package version 0.1-3},
  url = {http://www.rforge.net/base64enc},
}

@Manual{R-bayesplot,
  title = {bayesplot: Plotting for Bayesian Models},
  author = {Jonah Gabry and Tristan Mahr},
  year = {2021},
  note = {R package version 1.8.1},
  url = {https://mc-stan.org/bayesplot/},
}

@Manual{R-BH,
  title = {BH: Boost C++ Header Files},
  author = {Dirk Eddelbuettel and John W. Emerson and Michael J. Kane},
  year = {2021},
  note = {R package version 1.75.0-0},
  url = {https://github.com/eddelbuettel/bh},
}

@Manual{R-bit,
  title = {bit: Classes and Methods for Fast Memory-Efficient Boolean Selections},
  author = {Jens Oehlschlägel and Brian Ripley},
  year = {2020},
  note = {R package version 4.0.4},
  url = {https://github.com/truecluster/bit},
}

@Manual{R-bit64,
  title = {bit64: A S3 Class for Vectors of 64bit Integers},
  author = {Jens Oehlschlägel and Leonardo Silvestri},
  year = {2020},
  note = {R package version 4.0.5},
  url = {https://github.com/truecluster/bit64},
}

@Manual{R-blob,
  title = {blob: A Simple S3 Class for Representing Vectors of Binary Data
(BLOBS)},
  author = {Hadley Wickham},
  year = {2021},
  note = {R package version 1.2.2},
  url = {https://CRAN.R-project.org/package=blob},
}

@Manual{R-bookdown,
  title = {bookdown: Authoring Books and Technical Documents with R Markdown},
  author = {Yihui Xie},
  year = {2021},
  note = {R package version 0.24},
  url = {https://CRAN.R-project.org/package=bookdown},
}

@Manual{R-boot,
  title = {boot: Bootstrap Functions (Originally by Angelo Canty for S)},
  author = {Angelo Canty and Brian Ripley},
  year = {2021},
  note = {R package version 1.3-28},
  url = {https://CRAN.R-project.org/package=boot},
}

@Manual{R-bridgesampling,
  title = {bridgesampling: Bridge Sampling for Marginal Likelihoods and Bayes Factors},
  author = {Quentin F. Gronau and Henrik Singmann},
  year = {2021},
  note = {R package version 1.1-2},
  url = {https://github.com/quentingronau/bridgesampling},
}

@Manual{R-brms,
  title = {brms: Bayesian Regression Models using Stan},
  author = {Paul-Christian Bürkner},
  year = {2021},
  note = {R package version 2.16.1},
  url = {https://CRAN.R-project.org/package=brms},
}

@Manual{R-Brobdingnag,
  title = {Brobdingnag: Very Large Numbers in R},
  author = {Robin K. S. Hankin},
  year = {2018},
  note = {R package version 1.2-6},
  url = {https://github.com/RobinHankin/Brobdingnag.git},
}

@Manual{R-broom,
  title = {broom: Convert Statistical Objects into Tidy Tibbles},
  author = {David Robinson and Alex Hayes and Simon Couch},
  year = {2021},
  note = {R package version 0.7.10},
  url = {https://CRAN.R-project.org/package=broom},
}

@Manual{R-broom.mixed,
  title = {broom.mixed: Tidying Methods for Mixed Models},
  author = {Ben Bolker and David Robinson},
  year = {2021},
  note = {R package version 0.2.7},
  url = {https://github.com/bbolker/broom.mixed},
}

@Manual{R-bslib,
  title = {bslib: Custom Bootstrap 'Sass' Themes for shiny and rmarkdown},
  author = {Carson Sievert and Joe Cheng},
  year = {2021},
  note = {R package version 0.3.1},
  url = {https://CRAN.R-project.org/package=bslib},
}

@Manual{R-cachem,
  title = {cachem: Cache R Objects with Automatic Pruning},
  author = {Winston Chang},
  year = {2021},
  note = {R package version 1.0.6},
  url = {https://CRAN.R-project.org/package=cachem},
}

@Manual{R-callr,
  title = {callr: Call R from R},
  author = {Gábor Csárdi and Winston Chang},
  year = {2021},
  note = {R package version 3.7.0},
  url = {https://CRAN.R-project.org/package=callr},
}

@Manual{R-cellranger,
  title = {cellranger: Translate Spreadsheet Cell Ranges to Rows and Columns},
  author = {Jennifer Bryan},
  year = {2016},
  note = {R package version 1.1.0},
  url = {https://github.com/rsheets/cellranger},
}

@Manual{R-checkmate,
  title = {checkmate: Fast and Versatile Argument Checks},
  author = {Michel Lang},
  year = {2020},
  note = {R package version 2.0.0},
  url = {https://github.com/mllg/checkmate},
}

@Manual{R-class,
  title = {class: Functions for Classification},
  author = {Brian Ripley},
  year = {2021},
  note = {R package version 7.3-19},
  url = {http://www.stats.ox.ac.uk/pub/MASS4/},
}

@Manual{R-cli,
  title = {cli: Helpers for Developing Command Line Interfaces},
  author = {Gábor Csárdi},
  year = {2021},
  note = {R package version 3.1.0},
  url = {https://CRAN.R-project.org/package=cli},
}

@Manual{R-clipr,
  title = {clipr: Read and Write from the System Clipboard},
  author = {Matthew Lincoln},
  year = {2020},
  note = {R package version 0.7.1},
  url = {https://github.com/mdlincoln/clipr},
}

@Manual{R-cluster,
  title = {cluster: "Finding Groups in Data": Cluster Analysis Extended Rousseeuw et
al.},
  author = {Martin Maechler and Peter Rousseeuw and Anja Struyf and Mia Hubert},
  year = {2021},
  note = {R package version 2.1.2},
  url = {https://svn.r-project.org/R-packages/trunk/cluster/},
}

@Manual{R-coda,
  title = {coda: Output Analysis and Diagnostics for MCMC},
  author = {Martyn Plummer and Nicky Best and Kate Cowles and Karen Vines and Deepayan Sarkar and Douglas Bates and Russell Almond and Arni Magnusson},
  year = {2020},
  note = {R package version 0.19-4},
  url = {https://CRAN.R-project.org/package=coda},
}

@Manual{R-codetools,
  title = {codetools: Code Analysis Tools for R},
  author = {Luke Tierney},
  year = {2020},
  note = {R package version 0.2-18},
  url = {https://gitlab.com/luke-tierney/codetools},
}

@Manual{R-colorspace,
  title = {colorspace: A Toolbox for Manipulating and Assessing Colors and Palettes},
  author = {Ross Ihaka and Paul Murrell and Kurt Hornik and Jason C. Fisher and Reto Stauffer and Claus O. Wilke and Claire D. McWhite and Achim Zeileis},
  year = {2021},
  note = {R package version 2.0-2},
  url = {https://CRAN.R-project.org/package=colorspace},
}

@Manual{R-colourpicker,
  title = {colourpicker: A Colour Picker Tool for Shiny and for Selecting Colours in
Plots},
  author = {Dean Attali},
  year = {2021},
  note = {R package version 1.1.1},
  url = {https://github.com/daattali/colourpicker},
}

@Manual{R-commonmark,
  title = {commonmark: High Performance CommonMark and Github Markdown Rendering in R},
  author = {Jeroen Ooms},
  year = {2018},
  note = {R package version 1.7},
  url = {https://CRAN.R-project.org/package=commonmark},
}

@Manual{R-corpcor,
  title = {corpcor: Efficient Estimation of Covariance and (Partial) Correlation},
  author = {Juliane Schafer and Rainer Opgen-Rhein and Verena Zuber and Miika Ahdesmaki and A. Pedro Duarte Silva and Korbinian Strimmer.},
  year = {2021},
  note = {R package version 1.6.10},
  url = {https://strimmerlab.github.io/software/corpcor/},
}

@Manual{R-cpp11,
  title = {cpp11: A C++11 Interface for R's C Interface},
  author = {Jim Hester},
  year = {2021},
  note = {R package version 0.4.1},
  url = {https://CRAN.R-project.org/package=cpp11},
}

@Manual{R-crayon,
  title = {crayon: Colored Terminal Output},
  author = {Gábor Csárdi},
  year = {2021},
  note = {R package version 1.4.2},
  url = {https://github.com/r-lib/crayon#readme},
}

@Manual{R-crosstalk,
  title = {crosstalk: Inter-Widget Interactivity for HTML Widgets},
  author = {Joe Cheng and Carson Sievert},
  year = {2021},
  note = {R package version 1.2.0},
  url = {https://rstudio.github.io/crosstalk/},
}

@Manual{R-cubature,
  title = {cubature: Adaptive Multivariate Integration over Hypercubes},
  author = {Balasubramanian Narasimhan and Steven G. Johnson and Thomas Hahn and Annie Bouvier and Kiên Kiêu},
  year = {2021},
  note = {R package version 2.0.4.2},
  url = {https://bnaras.github.io/cubature/},
}

@Manual{R-curl,
  title = {curl: A Modern and Flexible Web Client for R},
  author = {Jeroen Ooms},
  year = {2021},
  note = {R package version 4.3.2},
  url = {https://CRAN.R-project.org/package=curl},
}

@Manual{R-data.table,
  title = {data.table: Extension of `data.frame`},
  author = {Matt Dowle and Arun Srinivasan},
  year = {2021},
  note = {R package version 1.14.2},
  url = {https://CRAN.R-project.org/package=data.table},
}

@Manual{R-DBI,
  title = {DBI: R Database Interface},
  author = {{R Special Interest Group on Databases (R-SIG-DB)} and Hadley Wickham and Kirill Müller},
  year = {2021},
  note = {R package version 1.1.1},
  url = {https://CRAN.R-project.org/package=DBI},
}

@Manual{R-dbplyr,
  title = {dbplyr: A dplyr Back End for Databases},
  author = {Hadley Wickham and Maximilian Girlich and Edgar Ruiz},
  year = {2021},
  note = {R package version 2.1.1},
  url = {https://CRAN.R-project.org/package=dbplyr},
}

@Manual{R-desc,
  title = {desc: Manipulate DESCRIPTION Files},
  author = {Gábor Csárdi and Kirill Müller and Jim Hester},
  year = {2021},
  note = {R package version 1.4.0},
  url = {https://github.com/r-lib/desc#readme},
}

@Manual{R-digest,
  title = {digest: Create Compact Hash Digests of R Objects},
  author = {Dirk Eddelbuettel},
  year = {2021},
  note = {R package version 0.6.29},
  url = {https://CRAN.R-project.org/package=digest},
}

@Manual{R-distributional,
  title = {distributional: Vectorised Probability Distributions},
  author = {Mitchell O'Hara-Wild and Alex Hayes},
  year = {2021},
  note = {R package version 0.2.2},
  url = {https://CRAN.R-project.org/package=distributional},
}

@Manual{R-dplyr,
  title = {dplyr: A Grammar of Data Manipulation},
  author = {Hadley Wickham and Romain François and Lionel Henry and Kirill Müller},
  year = {2021},
  note = {R package version 1.0.7},
  url = {https://CRAN.R-project.org/package=dplyr},
}

@Manual{R-DT,
  title = {DT: A Wrapper of the JavaScript Library DataTables},
  author = {Yihui Xie and Joe Cheng and Xianying Tan},
  year = {2021},
  note = {R package version 0.20},
  url = {https://github.com/rstudio/DT},
}

@Manual{R-dtplyr,
  title = {dtplyr: Data Table Back-End for dplyr},
  author = {Hadley Wickham},
  year = {2021},
  note = {R package version 1.1.0},
  url = {https://github.com/tidyverse/dtplyr},
}

@Manual{R-dygraphs,
  title = {dygraphs: Interface to Dygraphs Interactive Time Series Charting Library},
  author = {Dan Vanderkam and JJ Allaire and Jonathan Owen and Daniel Gromer and Benoit Thieurmel},
  year = {2018},
  note = {R package version 1.1.1.6},
  url = {https://github.com/rstudio/dygraphs},
}

@Manual{R-ellipsis,
  title = {ellipsis: Tools for Working with ...},
  author = {Hadley Wickham},
  year = {2021},
  note = {R package version 0.3.2},
  url = {https://CRAN.R-project.org/package=ellipsis},
}

@Manual{R-emo,
  title = {emo: Easily Insert Emoji},
  author = {Hadley Wickham and Romain François and Lucy {D'Agostino McGowan}},
  year = {2021},
  note = {R package version 0.0.0.9000},
  url = {https://github.com/hadley/emo},
}

@Manual{R-evaluate,
  title = {evaluate: Parsing and Evaluation Tools that Provide More Details than the
Default},
  author = {Hadley Wickham and Yihui Xie},
  year = {2019},
  note = {R package version 0.14},
  url = {https://github.com/r-lib/evaluate},
}

@Manual{R-fansi,
  title = {fansi: ANSI Control Sequence Aware String Functions},
  author = {Brodie Gaslam},
  year = {2021},
  note = {R package version 0.5.0},
  url = {https://github.com/brodieG/fansi},
}

@Manual{R-farver,
  title = {farver: High Performance Colour Space Manipulation},
  author = {Thomas Lin Pedersen and Berendea Nicolae and Romain François},
  year = {2021},
  note = {R package version 2.1.0},
  url = {https://CRAN.R-project.org/package=farver},
}

@Manual{R-fastmap,
  title = {fastmap: Fast Data Structures},
  author = {Winston Chang},
  year = {2021},
  note = {R package version 1.1.0},
  url = {https://CRAN.R-project.org/package=fastmap},
}

@Manual{R-fontawesome,
  title = {fontawesome: Easily Work with Font Awesome Icons},
  author = {Richard Iannone},
  year = {2021},
  note = {R package version 0.2.2},
  url = {https://github.com/rstudio/fontawesome},
}

@Manual{R-forcats,
  title = {forcats: Tools for Working with Categorical Variables (Factors)},
  author = {Hadley Wickham},
  year = {2021},
  note = {R package version 0.5.1},
  url = {https://CRAN.R-project.org/package=forcats},
}

@Manual{R-foreign,
  title = {foreign: Read Data Stored by Minitab, S, SAS, SPSS, Stata,
Systat, Weka, dBase, ...},
  author = {{R Core Team}},
  year = {2020},
  note = {R package version 0.8-81},
  url = {https://svn.r-project.org/R-packages/trunk/foreign/},
}

@Manual{R-fs,
  title = {fs: Cross-Platform File System Operations Based on libuv},
  author = {Jim Hester and Hadley Wickham},
  year = {2020},
  note = {R package version 1.5.0},
  url = {https://CRAN.R-project.org/package=fs},
}

@Manual{R-future,
  title = {future: Unified Parallel and Distributed Processing in R for Everyone},
  author = {Henrik Bengtsson},
  year = {2021},
  note = {R package version 1.23.0},
  url = {https://CRAN.R-project.org/package=future},
}

@Manual{R-gamm4,
  title = {gamm4: Generalized Additive Mixed Models using mgcv and lme4},
  author = {Simon Wood and Fabian Scheipl},
  year = {2020},
  note = {R package version 0.2-6},
  url = {https://CRAN.R-project.org/package=gamm4},
}

@Manual{R-gargle,
  title = {gargle: Utilities for Working with Google APIs},
  author = {Jennifer Bryan and Craig Citro and Hadley Wickham},
  year = {2021},
  note = {R package version 1.2.0},
  url = {https://CRAN.R-project.org/package=gargle},
}

@Manual{R-generics,
  title = {generics: Common S3 Generics not Provided by Base R Methods Related to
Model Fitting},
  author = {Hadley Wickham and Max Kuhn and Davis Vaughan},
  year = {2021},
  note = {R package version 0.1.1},
  url = {https://CRAN.R-project.org/package=generics},
}

@Manual{R-ggdist,
  title = {ggdist: Visualizations of Distributions and Uncertainty},
  author = {Matthew Kay},
  year = {2021},
  note = {R package version 3.0.0},
  url = {https://CRAN.R-project.org/package=ggdist},
}

@Manual{R-ggplot2,
  title = {ggplot2: Create Elegant Data Visualisations Using the Grammar of Graphics},
  author = {Hadley Wickham and Winston Chang and Lionel Henry and Thomas Lin Pedersen and Kohske Takahashi and Claus Wilke and Kara Woo and Hiroaki Yutani and Dewey Dunnington},
  year = {2021},
  note = {R package version 3.3.5},
  url = {https://CRAN.R-project.org/package=ggplot2},
}

@Manual{R-ggridges,
  title = {ggridges: Ridgeline Plots in ggplot2},
  author = {Claus O. Wilke},
  year = {2021},
  note = {R package version 0.5.3},
  url = {https://wilkelab.org/ggridges/},
}

@Manual{R-globals,
  title = {globals: Identify Global Objects in R Expressions},
  author = {Henrik Bengtsson},
  year = {2020},
  note = {R package version 0.14.0},
  url = {https://github.com/HenrikBengtsson/globals},
}

@Manual{R-glue,
  title = {glue: Interpreted String Literals},
  author = {Jim Hester and Jennifer Bryan},
  year = {2021},
  note = {R package version 1.6.0},
  url = {https://CRAN.R-project.org/package=glue},
}

@Manual{R-googledrive,
  title = {googledrive: An Interface to Google Drive},
  author = {Lucy {D'Agostino McGowan} and Jennifer Bryan},
  year = {2021},
  note = {R package version 2.0.0},
  url = {https://CRAN.R-project.org/package=googledrive},
}

@Manual{R-googlesheets4,
  title = {googlesheets4: Access Google Sheets using the Sheets API V4},
  author = {Jennifer Bryan},
  year = {2021},
  note = {R package version 1.0.0},
  url = {https://CRAN.R-project.org/package=googlesheets4},
}

@Manual{R-gridExtra,
  title = {gridExtra: Miscellaneous Functions for "Grid" Graphics},
  author = {Baptiste Auguie},
  year = {2017},
  note = {R package version 2.3},
  url = {https://CRAN.R-project.org/package=gridExtra},
}

@Manual{R-gtable,
  title = {gtable: Arrange Grobs in Tables},
  author = {Hadley Wickham and Thomas Lin Pedersen},
  year = {2019},
  note = {R package version 0.3.0},
  url = {https://github.com/r-lib/gtable},
}

@Manual{R-gtools,
  title = {gtools: Various R Programming Tools},
  author = {Gregory R. Warnes and Ben Bolker and Thomas Lumley},
  year = {2021},
  note = {R package version 3.9.2},
  url = {https://github.com/r-gregmisc/gtools},
}

@Manual{R-haven,
  title = {haven: Import and Export SPSS, Stata and SAS Files},
  author = {Hadley Wickham and Evan Miller},
  year = {2021},
  note = {R package version 2.4.3},
  url = {https://CRAN.R-project.org/package=haven},
}

@Manual{R-HDInterval,
  title = {HDInterval: Highest (Posterior) Density Intervals},
  author = {Mike Meredith and John Kruschke},
  year = {2020},
  note = {R package version 0.2.2},
  url = {https://CRAN.R-project.org/package=HDInterval},
}

@Manual{R-highr,
  title = {highr: Syntax Highlighting for R Source Code},
  author = {Yihui Xie and Yixuan Qiu},
  year = {2021},
  note = {R package version 0.9},
  url = {https://github.com/yihui/highr},
}

@Manual{R-hms,
  title = {hms: Pretty Time of Day},
  author = {Kirill Müller},
  year = {2021},
  note = {R package version 1.1.1},
  url = {https://CRAN.R-project.org/package=hms},
}

@Manual{R-htmltools,
  title = {htmltools: Tools for HTML},
  author = {Joe Cheng and Carson Sievert and Barret Schloerke and Winston Chang and Yihui Xie and Jeff Allen},
  year = {2021},
  note = {R package version 0.5.2},
  url = {https://github.com/rstudio/htmltools},
}

@Manual{R-htmlwidgets,
  title = {htmlwidgets: HTML Widgets for R},
  author = {Ramnath Vaidyanathan and Yihui Xie and JJ Allaire and Joe Cheng and Carson Sievert and Kenton Russell},
  year = {2021},
  note = {R package version 1.5.4},
  url = {https://github.com/ramnathv/htmlwidgets},
}

@Manual{R-httpuv,
  title = {httpuv: HTTP and WebSocket Server Library},
  author = {Joe Cheng and Winston Chang},
  year = {2022},
  note = {R package version 1.6.5},
  url = {https://github.com/rstudio/httpuv},
}

@Manual{R-httr,
  title = {httr: Tools for Working with URLs and HTTP},
  author = {Hadley Wickham},
  year = {2020},
  note = {R package version 1.4.2},
  url = {https://CRAN.R-project.org/package=httr},
}

@Manual{R-ids,
  title = {ids: Generate Random Identifiers},
  author = {Rich FitzJohn},
  year = {2017},
  note = {R package version 1.0.1},
  url = {https://github.com/richfitz/ids},
}

@Manual{R-igraph,
  title = {igraph: Network Analysis and Visualization},
  author = {See AUTHORS file.},
  year = {2021},
  note = {R package version 1.2.8},
  url = {https://igraph.org},
}

@Manual{R-inline,
  title = {inline: Functions to Inline C, C++, Fortran Function Calls from R},
  author = {Oleg Sklyar and Duncan Murdoch and Mike Smith and Dirk Eddelbuettel and Romain Francois and Karline Soetaert and Johannes Ranke},
  year = {2021},
  note = {R package version 0.3.19},
  url = {https://CRAN.R-project.org/package=inline},
}

@Manual{R-isoband,
  title = {isoband: Generate Isolines and Isobands from Regularly Spaced Elevation
Grids},
  author = {Claus O. Wilke and Thomas Lin Pedersen},
  year = {2021},
  note = {R package version 0.2.5},
  url = {https://wilkelab.org/isoband/},
}

@Manual{R-jquerylib,
  title = {jquerylib: Obtain jQuery as an HTML Dependency Object},
  author = {Carson Sievert and Joe Cheng},
  year = {2021},
  note = {R package version 0.1.4},
  url = {https://CRAN.R-project.org/package=jquerylib},
}

@Manual{R-jsonlite,
  title = {jsonlite: A Simple and Robust JSON Parser and Generator for R},
  author = {Jeroen Ooms},
  year = {2020},
  note = {R package version 1.7.2},
  url = {https://CRAN.R-project.org/package=jsonlite},
}

@Manual{R-KernSmooth,
  title = {KernSmooth: Functions for Kernel Smoothing Supporting Wand \& Jones (1995)},
  author = {Matt Wand},
  year = {2021},
  note = {R package version 2.23-20},
  url = {https://CRAN.R-project.org/package=KernSmooth},
}

@Manual{R-knitr,
  title = {knitr: A General-Purpose Package for Dynamic Report Generation in R},
  author = {Yihui Xie},
  year = {2021},
  note = {R package version 1.37},
  url = {https://yihui.org/knitr/},
}

@Manual{R-labeling,
  title = {labeling: Axis Labeling},
  author = {Justin Talbot,},
  year = {2020},
  note = {R package version 0.4.2},
  url = {https://CRAN.R-project.org/package=labeling},
}

@Manual{R-later,
  title = {later: Utilities for Scheduling Functions to Execute Later with Event
Loops},
  author = {Winston Chang and Joe Cheng},
  year = {2021},
  note = {R package version 1.3.0},
  url = {https://github.com/r-lib/later},
}

@Manual{R-lattice,
  title = {lattice: Trellis Graphics for R},
  author = {Deepayan Sarkar},
  year = {2021},
  note = {R package version 0.20-45},
  url = {http://lattice.r-forge.r-project.org/},
}

@Manual{R-lazyeval,
  title = {lazyeval: Lazy (Non-Standard) Evaluation},
  author = {Hadley Wickham},
  year = {2019},
  note = {R package version 0.2.2},
  url = {https://CRAN.R-project.org/package=lazyeval},
}

@Manual{R-lifecycle,
  title = {lifecycle: Manage the Life Cycle of your Package Functions},
  author = {Lionel Henry and Hadley Wickham},
  year = {2021},
  note = {R package version 1.0.1},
  url = {https://CRAN.R-project.org/package=lifecycle},
}

@Manual{R-listenv,
  title = {listenv: Environments Behaving (Almost) as Lists},
  author = {Henrik Bengtsson},
  year = {2019},
  note = {R package version 0.8.0},
  url = {https://github.com/HenrikBengtsson/listenv},
}

@Manual{R-lme4,
  title = {lme4: Linear Mixed-Effects Models using Eigen and S4},
  author = {Douglas Bates and Martin Maechler and Ben Bolker and Steven Walker},
  year = {2021},
  note = {R package version 1.1-27.1},
  url = {https://github.com/lme4/lme4/},
}

@Manual{R-lmerTest,
  title = {lmerTest: Tests in Linear Mixed Effects Models},
  author = {Alexandra Kuznetsova and Per {Bruun Brockhoff} and Rune {Haubo Bojesen Christensen}},
  year = {2020},
  note = {R package version 3.1-3},
  url = {https://github.com/runehaubo/lmerTestR},
}

@Manual{R-loo,
  title = {loo: Efficient Leave-One-Out Cross-Validation and WAIC for Bayesian
Models},
  author = {Aki Vehtari and Jonah Gabry and Mans Magnusson and Yuling Yao and Paul-Christian Bürkner and Topi Paananen and Andrew Gelman},
  year = {2020},
  note = {R package version 2.4.1},
  url = {https://CRAN.R-project.org/package=loo},
}

@Manual{R-lubridate,
  title = {lubridate: Make Dealing with Dates a Little Easier},
  author = {Vitalie Spinu and Garrett Grolemund and Hadley Wickham},
  year = {2021},
  note = {R package version 1.8.0},
  url = {https://CRAN.R-project.org/package=lubridate},
}

@Manual{R-magrittr,
  title = {magrittr: A Forward-Pipe Operator for R},
  author = {Stefan Milton Bache and Hadley Wickham},
  year = {2020},
  note = {R package version 2.0.1},
  url = {https://CRAN.R-project.org/package=magrittr},
}

@Manual{R-markdown,
  title = {markdown: Render Markdown with the C Library Sundown},
  author = {JJ Allaire and Jeffrey Horner and Yihui Xie and Vicent Marti and Natacha Porte},
  year = {2019},
  note = {R package version 1.1},
  url = {https://github.com/rstudio/markdown},
}

@Manual{R-MASS,
  title = {MASS: Support Functions and Datasets for Venables and Ripley's MASS},
  author = {Brian Ripley},
  year = {2021},
  note = {R package version 7.3-54},
  url = {http://www.stats.ox.ac.uk/pub/MASS4/},
}

@Manual{R-Matrix,
  title = {Matrix: Sparse and Dense Matrix Classes and Methods},
  author = {Douglas Bates and Martin Maechler},
  year = {2021},
  note = {R package version 1.4-0},
  url = {https://CRAN.R-project.org/package=Matrix},
}

@Manual{R-matrixStats,
  title = {matrixStats: Functions that Apply to Rows and Columns of Matrices (and to
Vectors)},
  author = {Henrik Bengtsson},
  year = {2021},
  note = {R package version 0.61.0},
  url = {https://github.com/HenrikBengtsson/matrixStats},
}

@Manual{R-MCMCglmm,
  title = {MCMCglmm: MCMC Generalised Linear Mixed Models},
  author = {Jarrod Hadfield},
  year = {2021},
  note = {R package version 2.32},
  url = {https://CRAN.R-project.org/package=MCMCglmm},
}

@Manual{R-mgcv,
  title = {mgcv: Mixed GAM Computation Vehicle with Automatic Smoothness
Estimation},
  author = {Simon Wood},
  year = {2021},
  note = {R package version 1.8-38},
  url = {https://CRAN.R-project.org/package=mgcv},
}

@Manual{R-mime,
  title = {mime: Map Filenames to MIME Types},
  author = {Yihui Xie},
  year = {2021},
  note = {R package version 0.12},
  url = {https://github.com/yihui/mime},
}

@Manual{R-miniUI,
  title = {miniUI: Shiny UI Widgets for Small Screens},
  author = {Joe Cheng},
  year = {2018},
  note = {R package version 0.1.1.1},
  url = {https://CRAN.R-project.org/package=miniUI},
}

@Manual{R-minqa,
  title = {minqa: Derivative-free optimization algorithms by quadratic
approximation},
  author = {Douglas Bates and Katharine M. Mullen and John C. Nash and Ravi Varadhan},
  year = {2014},
  note = {R package version 1.2.4},
  url = {http://optimizer.r-forge.r-project.org},
}

@Manual{R-modelr,
  title = {modelr: Modelling Functions that Work with the Pipe},
  author = {Hadley Wickham},
  year = {2020},
  note = {R package version 0.1.8},
  url = {https://CRAN.R-project.org/package=modelr},
}

@Manual{R-munsell,
  title = {munsell: Utilities for Using Munsell Colours},
  author = {Charlotte Wickham},
  year = {2018},
  note = {R package version 0.5.0},
  url = {https://CRAN.R-project.org/package=munsell},
}

@Manual{R-mvtnorm,
  title = {mvtnorm: Multivariate Normal and t Distributions},
  author = {Alan Genz and Frank Bretz and Tetsuhisa Miwa and Xuefei Mi and Torsten Hothorn},
  year = {2021},
  note = {R package version 1.1-3},
  url = {http://mvtnorm.R-forge.R-project.org},
}

@Manual{R-nadiv,
  title = {nadiv: (Non)Additive Genetic Relatedness Matrices},
  author = {Matthew Wolak},
  year = {2021},
  note = {R package version 2.17.1},
  url = {https://github.com/matthewwolak/nadiv},
}

@Manual{R-nleqslv,
  title = {nleqslv: Solve Systems of Nonlinear Equations},
  author = {Berend Hasselman},
  year = {2018},
  note = {R package version 3.3.2},
  url = {https://CRAN.R-project.org/package=nleqslv},
}

@Manual{R-nlme,
  title = {nlme: Linear and Nonlinear Mixed Effects Models},
  author = {José Pinheiro and Douglas Bates and {R-core}},
  year = {2021},
  note = {R package version 3.1-153},
  url = {https://svn.r-project.org/R-packages/trunk/nlme/},
}

@Manual{R-nloptr,
  title = {nloptr: R Interface to NLopt},
  author = {Jelmer Ypma and Steven G. Johnson},
  year = {2021},
  note = {R package version 1.2.2.3},
  url = {https://CRAN.R-project.org/package=nloptr},
}

@Manual{R-nnet,
  title = {nnet: Feed-Forward Neural Networks and Multinomial Log-Linear Models},
  author = {Brian Ripley},
  year = {2021},
  note = {R package version 7.3-16},
  url = {http://www.stats.ox.ac.uk/pub/MASS4/},
}

@Manual{R-numDeriv,
  title = {numDeriv: Accurate Numerical Derivatives},
  author = {Paul Gilbert and Ravi Varadhan},
  year = {2019},
  note = {R package version 2016.8-1.1},
  url = {http://optimizer.r-forge.r-project.org/},
}

@Manual{R-openssl,
  title = {openssl: Toolkit for Encryption, Signatures and Certificates Based on
OpenSSL},
  author = {Jeroen Ooms},
  year = {2021},
  note = {R package version 1.4.5},
  url = {https://github.com/jeroen/openssl},
}

@Manual{R-optimx,
  title = {optimx: Expanded Replacement and Extension of the optim Function},
  author = {John C Nash and Ravi Varadhan},
  year = {2021},
  note = {R package version 2021-10.12},
  url = {https://CRAN.R-project.org/package=optimx},
}

@Manual{R-packrat,
  title = {packrat: A Dependency Management System for Projects and their R Package
Dependencies},
  author = {Kevin Ushey and Jonathan McPherson and Joe Cheng and Aron Atkins and JJ Allaire},
  year = {2021},
  note = {R package version 0.7.0},
  url = {https://github.com/rstudio/packrat/},
}

@Manual{R-palmerpenguins,
  title = {palmerpenguins: Palmer Archipelago (Antarctica) Penguin Data},
  author = {Allison Horst and Alison Hill and Kristen Gorman},
  year = {2020},
  note = {R package version 0.1.0},
  url = {https://CRAN.R-project.org/package=palmerpenguins},
}

@Manual{R-parallelly,
  title = {parallelly: Enhancing the parallel Package},
  author = {Henrik Bengtsson},
  year = {2021},
  note = {R package version 1.28.1},
  url = {https://CRAN.R-project.org/package=parallelly},
}

@Manual{R-patchwork,
  title = {patchwork: The Composer of Plots},
  author = {Thomas Lin Pedersen},
  year = {2020},
  note = {R package version 1.1.1},
  url = {https://CRAN.R-project.org/package=patchwork},
}

@Manual{R-pbapply,
  title = {pbapply: Adding Progress Bar to *apply Functions},
  author = {Peter Solymos and Zygmunt Zawadzki},
  year = {2021},
  note = {R package version 1.5-0},
  url = {https://github.com/psolymos/pbapply},
}

@Manual{R-pillar,
  title = {pillar: Coloured Formatting for Columns},
  author = {Kirill Müller and Hadley Wickham},
  year = {2021},
  note = {R package version 1.6.4},
  url = {https://CRAN.R-project.org/package=pillar},
}

@Manual{R-pkgbuild,
  title = {pkgbuild: Find Tools Needed to Build R Packages},
  author = {Hadley Wickham and Jim Hester},
  year = {2020},
  note = {R package version 1.2.0},
  url = {https://github.com/r-lib/pkgbuild},
}

@Manual{R-pkgconfig,
  title = {pkgconfig: Private Configuration for R Packages},
  author = {Gábor Csárdi},
  year = {2019},
  note = {R package version 2.0.3},
  url = {https://github.com/r-lib/pkgconfig#readme},
}

@Manual{R-plyr,
  title = {plyr: Tools for Splitting, Applying and Combining Data},
  author = {Hadley Wickham},
  year = {2020},
  note = {R package version 1.8.6},
  url = {https://CRAN.R-project.org/package=plyr},
}

@Manual{R-posterior,
  title = {posterior: Tools for Working with Posterior Distributions},
  author = {Paul-Christian Bürkner and Jonah Gabry and Matthew Kay and Aki Vehtari},
  year = {2021},
  note = {R package version 1.1.0},
  url = {https://CRAN.R-project.org/package=posterior},
}

@Manual{R-prettyunits,
  title = {prettyunits: Pretty, Human Readable Formatting of Quantities},
  author = {Gabor Csardi},
  year = {2020},
  note = {R package version 1.1.1},
  url = {https://github.com/gaborcsardi/prettyunits},
}

@Manual{R-processx,
  title = {processx: Execute and Control System Processes},
  author = {Gábor Csárdi and Winston Chang},
  year = {2021},
  note = {R package version 3.5.2},
  url = {https://CRAN.R-project.org/package=processx},
}

@Manual{R-progress,
  title = {progress: Terminal Progress Bars},
  author = {Gábor Csárdi and Rich FitzJohn},
  year = {2019},
  note = {R package version 1.2.2},
  url = {https://github.com/r-lib/progress#readme},
}

@Manual{R-projpred,
  title = {projpred: Projection Predictive Feature Selection},
  author = {Juho Piironen and Markus Paasiniemi and Alejandro Catalina and Aki Vehtari},
  year = {2020},
  note = {R package version 2.0.2},
  url = {https://CRAN.R-project.org/package=projpred},
}

@Manual{R-promises,
  title = {promises: Abstractions for Promise-Based Asynchronous Programming},
  author = {Joe Cheng},
  year = {2021},
  note = {R package version 1.2.0.1},
  url = {https://CRAN.R-project.org/package=promises},
}

@Manual{R-ps,
  title = {ps: List, Query, Manipulate System Processes},
  author = {Jay Loden and Dave Daeschler and Giampaolo Rodola' and Gábor Csárdi},
  year = {2021},
  note = {R package version 1.6.0},
  url = {https://github.com/r-lib/ps#readme},
}

@Manual{R-purrr,
  title = {purrr: Functional Programming Tools},
  author = {Lionel Henry and Hadley Wickham},
  year = {2020},
  note = {R package version 0.3.4},
  url = {https://CRAN.R-project.org/package=purrr},
}

@Manual{R-R6,
  title = {R6: Encapsulated Classes with Reference Semantics},
  author = {Winston Chang},
  year = {2021},
  note = {R package version 2.5.1},
  url = {https://CRAN.R-project.org/package=R6},
}

@Manual{R-rappdirs,
  title = {rappdirs: Application Directories: Determine Where to Save Data, Caches,
and Logs},
  author = {Sridhar Ratnakumar and Trent Mick and Trevor Davis},
  year = {2021},
  note = {R package version 0.3.3},
  url = {https://CRAN.R-project.org/package=rappdirs},
}

@Manual{R-RColorBrewer,
  title = {RColorBrewer: ColorBrewer Palettes},
  author = {Erich Neuwirth},
  year = {2014},
  note = {R package version 1.1-2},
  url = {https://CRAN.R-project.org/package=RColorBrewer},
}

@Manual{R-Rcpp,
  title = {Rcpp: Seamless R and C++ Integration},
  author = {Dirk Eddelbuettel and Romain Francois and JJ Allaire and Kevin Ushey and Qiang Kou and Nathan Russell and Inaki Ucar and Douglas Bates and John Chambers},
  year = {2021},
  note = {R package version 1.0.7},
  url = {https://CRAN.R-project.org/package=Rcpp},
}

@Manual{R-RcppArmadillo,
  title = {RcppArmadillo: Rcpp Integration for the Armadillo Templated Linear Algebra
Library},
  author = {Dirk Eddelbuettel and Romain Francois and Doug Bates and Binxiang Ni and Conrad Sanderson},
  year = {2021},
  note = {R package version 0.10.7.3.0},
  url = {https://CRAN.R-project.org/package=RcppArmadillo},
}

@Manual{R-RcppEigen,
  title = {RcppEigen: Rcpp Integration for the Eigen Templated Linear Algebra
Library},
  author = {Douglas Bates and Dirk Eddelbuettel and Romain Francois and Yixuan Qiu; the authors of Eigen for the included version of Eigen},
  year = {2020},
  note = {R package version 0.3.3.9.1},
  url = {http://dirk.eddelbuettel.com/code/rcpp.eigen.html},
}

@Manual{R-RcppParallel,
  title = {RcppParallel: Parallel Programming Tools for Rcpp},
  author = {JJ Allaire and Romain Francois and Kevin Ushey and Gregory Vandenbrouck and Marcus Geelnard and {Intel}},
  year = {2021},
  note = {R package version 5.1.4},
  url = {https://CRAN.R-project.org/package=RcppParallel},
}

@Manual{R-readr,
  title = {readr: Read Rectangular Text Data},
  author = {Hadley Wickham and Jim Hester},
  year = {2021},
  note = {R package version 2.1.0},
  url = {https://CRAN.R-project.org/package=readr},
}

@Manual{R-readxl,
  title = {readxl: Read Excel Files},
  author = {Hadley Wickham and Jennifer Bryan},
  year = {2019},
  note = {R package version 1.3.1},
  url = {https://CRAN.R-project.org/package=readxl},
}

@Manual{R-rematch,
  title = {rematch: Match Regular Expressions with a Nicer API},
  author = {Gabor Csardi},
  year = {2016},
  note = {R package version 1.0.1},
  url = {https://github.com/MangoTheCat/rematch},
}

@Manual{R-rematch2,
  title = {rematch2: Tidy Output from Regular Expression Matching},
  author = {Gábor Csárdi},
  year = {2020},
  note = {R package version 2.1.2},
  url = {https://github.com/r-lib/rematch2#readme},
}

@Manual{R-renv,
  title = {renv: Project Environments},
  author = {Kevin Ushey},
  year = {2021},
  note = {R package version 0.14.0},
  url = {https://rstudio.github.io/renv/},
}

@Manual{R-reprex,
  title = {reprex: Prepare Reproducible Example Code via the Clipboard},
  author = {Jennifer Bryan and Jim Hester and David Robinson and Hadley Wickham},
  year = {2021},
  note = {R package version 2.0.1},
  url = {https://CRAN.R-project.org/package=reprex},
}

@Manual{R-reshape,
  title = {reshape: Flexibly Reshape Data},
  author = {Hadley Wickham},
  year = {2018},
  note = {R package version 0.8.8},
  url = {http://had.co.nz/reshape},
}

@Manual{R-reshape2,
  title = {reshape2: Flexibly Reshape Data: A Reboot of the Reshape Package},
  author = {Hadley Wickham},
  year = {2020},
  note = {R package version 1.4.4},
  url = {https://github.com/hadley/reshape},
}

@Manual{R-rlang,
  title = {rlang: Functions for Base Types and Core R and Tidyverse Features},
  author = {Lionel Henry and Hadley Wickham},
  year = {2021},
  note = {R package version 0.4.12},
  url = {https://CRAN.R-project.org/package=rlang},
}

@Manual{R-rmarkdown,
  title = {rmarkdown: Dynamic Documents for R},
  author = {JJ Allaire and Yihui Xie and Jonathan McPherson and Javier Luraschi and Kevin Ushey and Aron Atkins and Hadley Wickham and Joe Cheng and Winston Chang and Richard Iannone},
  year = {2021},
  note = {R package version 2.11},
  url = {https://CRAN.R-project.org/package=rmarkdown},
}

@Manual{R-rngtools,
  title = {rngtools: Utility Functions for Working with Random Number Generators},
  author = {Renaud Gaujoux},
  year = {2021},
  note = {R package version 1.5.2},
  url = {https://renozao.github.io/rngtools/},
}

@Manual{R-rpart,
  title = {rpart: Recursive Partitioning and Regression Trees},
  author = {Terry Therneau and Beth Atkinson},
  year = {2019},
  note = {R package version 4.1-15},
  url = {https://CRAN.R-project.org/package=rpart},
}

@Manual{R-rprojroot,
  title = {rprojroot: Finding Files in Project Subdirectories},
  author = {Kirill Müller},
  year = {2020},
  note = {R package version 2.0.2},
  url = {https://CRAN.R-project.org/package=rprojroot},
}

@Manual{R-rptR,
  title = {rptR: Repeatability Estimation for Gaussian and Non-Gaussian Data},
  author = {Martin Stoffel and Shinichi Nakagawa and Holger Schielzeth},
  year = {2019},
  note = {R package version 0.9.22},
  url = {https://CRAN.R-project.org/package=rptR},
}

@Manual{R-rsconnect,
  title = {rsconnect: Deployment Interface for R Markdown Documents and Shiny
Applications},
  author = {Jonathan McPherson and JJ Allaire},
  year = {2021},
  note = {R package version 0.8.24},
  url = {https://github.com/rstudio/rsconnect},
}

@Manual{R-rstan,
  title = {rstan: R Interface to Stan},
  author = {Jiqiang Guo and Jonah Gabry and Ben Goodrich and Sebastian Weber},
  year = {2020},
  note = {R package version 2.21.2},
  url = {https://CRAN.R-project.org/package=rstan},
}

@Manual{R-rstantools,
  title = {rstantools: Tools for Developing R Packages Interfacing with Stan},
  author = {Jonah Gabry and Ben Goodrich and Martin Lysy},
  year = {2020},
  note = {R package version 2.1.1},
  url = {https://CRAN.R-project.org/package=rstantools},
}

@Manual{R-rstudioapi,
  title = {rstudioapi: Safely Access the RStudio API},
  author = {Kevin Ushey and JJ Allaire and Hadley Wickham and Gary Ritchie},
  year = {2020},
  note = {R package version 0.13},
  url = {https://github.com/rstudio/rstudioapi},
}

@Manual{R-rvest,
  title = {rvest: Easily Harvest (Scrape) Web Pages},
  author = {Hadley Wickham},
  year = {2021},
  note = {R package version 1.0.2},
  url = {https://CRAN.R-project.org/package=rvest},
}

@Manual{R-sass,
  title = {sass: Syntactically Awesome Style Sheets (Sass)},
  author = {Joe Cheng and Timothy Mastny and Richard Iannone and Barret Schloerke and Carson Sievert},
  year = {2021},
  note = {R package version 0.4.0},
  url = {https://github.com/rstudio/sass},
}

@Manual{R-scales,
  title = {scales: Scale Functions for Visualization},
  author = {Hadley Wickham and Dana Seidel},
  year = {2020},
  note = {R package version 1.1.1},
  url = {https://CRAN.R-project.org/package=scales},
}

@Manual{R-selectr,
  title = {selectr: Translate CSS Selectors to XPath Expressions},
  author = {Simon Potter and Simon Sapin and Ian Bicking},
  year = {2019},
  note = {R package version 0.4-2},
  url = {https://sjp.co.nz/projects/selectr},
}

@Manual{R-shiny,
  title = {shiny: Web Application Framework for R},
  author = {Winston Chang and Joe Cheng and JJ Allaire and Carson Sievert and Barret Schloerke and Yihui Xie and Jeff Allen and Jonathan McPherson and Alan Dipert and Barbara Borges},
  year = {2021},
  note = {R package version 1.7.1},
  url = {https://shiny.rstudio.com/},
}

@Manual{R-shinyjs,
  title = {shinyjs: Easily Improve the User Experience of Your Shiny Apps in Seconds},
  author = {Dean Attali},
  year = {2020},
  note = {R package version 2.0.0},
  url = {https://deanattali.com/shinyjs/},
}

@Manual{R-shinystan,
  title = {shinystan: Interactive Visual and Numerical Diagnostics and Posterior
Analysis for Bayesian Models},
  author = {Jonah Gabry},
  year = {2018},
  note = {R package version 2.5.0},
  url = {https://CRAN.R-project.org/package=shinystan},
}

@Manual{R-shinythemes,
  title = {shinythemes: Themes for Shiny},
  author = {Winston Chang},
  year = {2021},
  note = {R package version 1.2.0},
  url = {https://rstudio.github.io/shinythemes/},
}

@Manual{R-sourcetools,
  title = {sourcetools: Tools for Reading, Tokenizing and Parsing R Code},
  author = {Kevin Ushey},
  year = {2018},
  note = {R package version 0.1.7},
  url = {https://CRAN.R-project.org/package=sourcetools},
}

@Manual{R-spatial,
  title = {spatial: Functions for Kriging and Point Pattern Analysis},
  author = {Brian Ripley},
  year = {2021},
  note = {R package version 7.3-14},
  url = {http://www.stats.ox.ac.uk/pub/MASS4/},
}

@Manual{R-StanHeaders,
  title = {StanHeaders: C++ Header Files for Stan},
  author = {Ben Goodrich and Andrew Gelman and Bob Carpenter and Matt Hoffman and Daniel Lee and Michael Betancourt and Marcus Brubaker and Jiqiang Guo and Peter Li and Allen Riddell and Marco Inacio and Mitzi Morris and Jeffrey Arnold and Rob Goedman and Brian Lau and Rob Trangucci and Jonah Gabry and Alp Kucukelbir and Robert Grant and Dustin Tran and Michael Malecki and Yuanjun Gao},
  year = {2020},
  note = {R package version 2.21.0-7},
  url = {https://mc-stan.org/},
}

@Manual{R-stringi,
  title = {stringi: Character String Processing Facilities},
  author = {Marek Gagolewski and Bartek Tartanus and others; Unicode and {Inc.} and others},
  year = {2021},
  note = {R package version 1.7.6},
  url = {https://CRAN.R-project.org/package=stringi},
}

@Manual{R-stringr,
  title = {stringr: Simple, Consistent Wrappers for Common String Operations},
  author = {Hadley Wickham},
  year = {2019},
  note = {R package version 1.4.0},
  url = {https://CRAN.R-project.org/package=stringr},
}

@Manual{R-survival,
  title = {survival: Survival Analysis},
  author = {Terry M Therneau},
  year = {2021},
  note = {R package version 3.2-13},
  url = {https://github.com/therneau/survival},
}

@Manual{R-svUnit,
  title = {svUnit: SciViews - Unit, Integration and System Testing},
  author = {Philippe Grosjean},
  year = {2021},
  note = {R package version 1.0.6},
  url = {https://CRAN.R-project.org/package=svUnit},
}

@Manual{R-sys,
  title = {sys: Powerful and Reliable Tools for Running System Commands in R},
  author = {Jeroen Ooms},
  year = {2020},
  note = {R package version 3.4},
  url = {https://github.com/jeroen/sys},
}

@Manual{R-tensorA,
  title = {tensorA: Advanced Tensor Arithmetic with Named Indices},
  author = {K. Gerald {van den Boogaart}},
  year = {2020},
  note = {R package version 0.36.2},
  url = {http://www.stat.boogaart.de/tensorA},
}

@Manual{R-threejs,
  title = {threejs: Interactive 3D Scatter Plots, Networks and Globes},
  author = {B. W. Lewis},
  year = {2020},
  note = {R package version 0.3.3},
  url = {https://bwlewis.github.io/rthreejs},
}

@Manual{R-tibble,
  title = {tibble: Simple Data Frames},
  author = {Kirill Müller and Hadley Wickham},
  year = {2021},
  note = {R package version 3.1.6},
  url = {https://CRAN.R-project.org/package=tibble},
}

@Manual{R-tidybayes,
  title = {tidybayes: Tidy Data and Geoms for Bayesian Models},
  author = {Matthew Kay},
  year = {2021},
  note = {R package version 3.0.1},
  url = {https://CRAN.R-project.org/package=tidybayes},
}

@Manual{R-tidyr,
  title = {tidyr: Tidy Messy Data},
  author = {Hadley Wickham},
  year = {2021},
  note = {R package version 1.1.4},
  url = {https://CRAN.R-project.org/package=tidyr},
}

@Manual{R-tidyselect,
  title = {tidyselect: Select from a Set of Strings},
  author = {Lionel Henry and Hadley Wickham},
  year = {2021},
  note = {R package version 1.1.1},
  url = {https://CRAN.R-project.org/package=tidyselect},
}

@Manual{R-tidyverse,
  title = {tidyverse: Easily Install and Load the Tidyverse},
  author = {Hadley Wickham},
  year = {2021},
  note = {R package version 1.3.1},
  url = {https://CRAN.R-project.org/package=tidyverse},
}

@Manual{R-tinytex,
  title = {tinytex: Helper Functions to Install and Maintain TeX Live, and Compile
LaTeX Documents},
  author = {Yihui Xie},
  year = {2021},
  note = {R package version 0.36},
  url = {https://github.com/yihui/tinytex},
}

@Manual{R-tzdb,
  title = {tzdb: Time Zone Database Information},
  author = {Davis Vaughan},
  year = {2021},
  note = {R package version 0.2.0},
  url = {https://CRAN.R-project.org/package=tzdb},
}

@Manual{R-utf8,
  title = {utf8: Unicode Text Processing},
  author = {Patrick O. Perry},
  year = {2021},
  note = {R package version 1.2.2},
  url = {https://CRAN.R-project.org/package=utf8},
}

@Manual{R-uuid,
  title = {uuid: Tools for Generating and Handling of UUIDs},
  author = {Simon Urbanek and Theodore Ts'o},
  year = {2021},
  note = {R package version 1.0-3},
  url = {http://www.rforge.net/uuid},
}

@Manual{R-V8,
  title = {V8: Embedded JavaScript and WebAssembly Engine for R},
  author = {Jeroen Ooms},
  year = {2021},
  note = {R package version 3.6.0},
  url = {https://CRAN.R-project.org/package=V8},
}

@Manual{R-vctrs,
  title = {vctrs: Vector Helpers},
  author = {Hadley Wickham and Lionel Henry and Davis Vaughan},
  year = {2021},
  note = {R package version 0.3.8},
  url = {https://vctrs.r-lib.org/},
}

@Manual{R-viridisLite,
  title = {viridisLite: Colorblind-Friendly Color Maps (Lite Version)},
  author = {Simon Garnier},
  year = {2021},
  note = {R package version 0.4.0},
  url = {https://CRAN.R-project.org/package=viridisLite},
}

@Manual{R-vroom,
  title = {vroom: Read and Write Rectangular Text Data Quickly},
  author = {Jim Hester and Hadley Wickham},
  year = {2021},
  note = {R package version 1.5.6},
  url = {https://CRAN.R-project.org/package=vroom},
}

@Manual{R-withr,
  title = {withr: Run Code With Temporarily Modified Global State},
  author = {Jim Hester and Kirill Müller and Kevin Ushey and Hadley Wickham and Winston Chang},
  year = {2021},
  note = {R package version 2.4.2},
  url = {https://CRAN.R-project.org/package=withr},
}

@Manual{R-xfun,
  title = {xfun: Supporting Functions for Packages Maintained by Yihui Xie},
  author = {Yihui Xie},
  year = {2021},
  note = {R package version 0.29},
  url = {https://github.com/yihui/xfun},
}

@Manual{R-xml2,
  title = {xml2: Parse XML},
  author = {Hadley Wickham and Jim Hester and Jeroen Ooms},
  year = {2020},
  note = {R package version 1.3.2},
  url = {https://CRAN.R-project.org/package=xml2},
}

@Manual{R-xtable,
  title = {xtable: Export Tables to LaTeX or HTML},
  author = {David B. Dahl and David Scott and Charles Roosen and Arni Magnusson and Jonathan Swinton},
  year = {2019},
  note = {R package version 1.8-4},
  url = {http://xtable.r-forge.r-project.org/},
}

@Manual{R-xts,
  title = {xts: eXtensible Time Series},
  author = {Jeffrey A. Ryan and Joshua M. Ulrich},
  year = {2020},
  note = {R package version 0.12.1},
  url = {https://github.com/joshuaulrich/xts},
}

@Manual{R-yaml,
  title = {yaml: Methods to Convert R Data to YAML and Back},
  author = {Jeremy Stephens and Kirill Simonov and Yihui Xie and Zhuoer Dong and Hadley Wickham and Jeffrey Horner and {reikoch} and Will Beasley and Brendan O'Connor and Gregory R. Warnes},
  year = {2020},
  note = {R package version 2.2.1},
  url = {https://github.com/viking/r-yaml/},
}

@Manual{R-zoo,
  title = {zoo: S3 Infrastructure for Regular and Irregular Time Series (Z's
Ordered Observations)},
  author = {Achim Zeileis and Gabor Grothendieck and Jeffrey A. Ryan},
  year = {2021},
  note = {R package version 1.8-9},
  url = {https://zoo.R-Forge.R-project.org/},
}

@Article{ape2019,
  title = {ape 5.0: an environment for modern phylogenetics and evolutionary analyses in {R}},
  author = {E. Paradis and K. Schliep},
  journal = {Bioinformatics},
  year = {2019},
  volume = {35},
  pages = {526-528},
}

@Article{bayesplot2019,
  title = {Visualization in Bayesian workflow},
  author = {Jonah Gabry and Daniel Simpson and Aki Vehtari and Michael Betancourt and Andrew Gelman},
  year = {2019},
  journal = {J. R. Stat. Soc. A},
  volume = {182},
  issue = {2},
  pages = {389-402},
  doi = {10.1111/rssa.12378},
}

@Book{bookdown2016,
  title = {bookdown: Authoring Books and Technical Documents with {R} Markdown},
  author = {Yihui Xie},
  publisher = {Chapman and Hall/CRC},
  address = {Boca Raton, Florida},
  year = {2016},
  note = {ISBN 978-1138700109},
  url = {https://bookdown.org/yihui/bookdown},
}

@Book{boot1997,
  title = {Bootstrap Methods and Their Applications},
  author = {A. C. Davison and D. V. Hinkley},
  publisher = {Cambridge University Press},
  address = {Cambridge},
  year = {1997},
  note = {ISBN 0-521-57391-2},
  url = {http://statwww.epfl.ch/davison/BMA/},
}

@Article{bridgesampling2020,
  title = {{bridgesampling}: An {R} Package for Estimating Normalizing Constants},
  author = {Quentin F. Gronau and Henrik Singmann and Eric-Jan Wagenmakers},
  journal = {Journal of Statistical Software},
  year = {2020},
  volume = {92},
  number = {10},
  pages = {1--29},
  doi = {10.18637/jss.v092.i10},
}

@Article{brms2017,
  title = {{brms}: An {R} Package for {Bayesian} Multilevel Models Using {Stan}},
  author = {Paul-Christian Bürkner},
  journal = {Journal of Statistical Software},
  year = {2017},
  volume = {80},
  number = {1},
  pages = {1--28},
  doi = {10.18637/jss.v080.i01},
  encoding = {UTF-8},
}

@Article{brms2018,
  title = {Advanced {Bayesian} Multilevel Modeling with the {R} Package {brms}},
  author = {Paul-Christian Bürkner},
  journal = {The R Journal},
  year = {2018},
  volume = {10},
  number = {1},
  pages = {395--411},
  doi = {10.32614/RJ-2018-017},
  encoding = {UTF-8},
}

@Article{Brobdingnag2007,
  title = {Very large numbers in R: Introducing package Brobdingnag},
  author = {R. K. S. Hankin},
  journal = {R News},
  year = {2007},
  volume = {7},
  issue = {3},
}

@Article{checkmate,
  title = {{checkmate}: Fast Argument Checks for Defensive R Programming},
  author = {Michel Lang},
  journal = {The R Journal},
  year = {2017},
  url = {https://journal.r-project.org/archive/2017/RJ-2017-028/index.html},
  pages = {437--445},
  volume = {9},
  number = {1},
}

@Book{class2002,
  title = {Modern Applied Statistics with S},
  author = {W. N. Venables and B. D. Ripley},
  publisher = {Springer},
  edition = {Fourth},
  address = {New York},
  year = {2002},
  note = {ISBN 0-387-95457-0},
  url = {https://www.stats.ox.ac.uk/pub/MASS4/},
}

@Article{coda2006,
  title = {CODA: Convergence Diagnosis and Output Analysis for MCMC},
  author = {Martyn Plummer and Nicky Best and Kate Cowles and Karen Vines},
  journal = {R News},
  year = {2006},
  volume = {6},
  number = {1},
  pages = {7--11},
  url = {https://journal.r-project.org/archive/},
  pdf = {https://www.r-project.org/doc/Rnews/Rnews_2006-1.pdf},
}

@Article{colorspace2020a,
  title = {{colorspace}: A Toolbox for Manipulating and Assessing Colors and Palettes},
  author = {Achim Zeileis and Jason C. Fisher and Kurt Hornik and Ross Ihaka and Claire D. McWhite and Paul Murrell and Reto Stauffer and Claus O. Wilke},
  journal = {Journal of Statistical Software},
  year = {2020},
  volume = {96},
  number = {1},
  pages = {1--49},
  doi = {10.18637/jss.v096.i01},
}

@Article{colorspace2009a,
  title = {Escaping {RGB}land: Selecting Colors for Statistical Graphics},
  author = {Achim Zeileis and Kurt Hornik and Paul Murrell},
  journal = {Computational Statistics \& Data Analysis},
  year = {2009},
  volume = {53},
  number = {9},
  pages = {3259--3270},
  doi = {10.1016/j.csda.2008.11.033},
}

@Article{colorspace2009b,
  title = {Somewhere over the Rainbow: How to Make Effective Use of Colors in Meteorological Visualizations},
  author = {Reto Stauffer and Georg J. Mayr and Markus Dabernig and Achim Zeileis},
  journal = {Bulletin of the American Meteorological Society},
  year = {2009},
  volume = {96},
  number = {2},
  pages = {203--216},
  doi = {10.1175/BAMS-D-13-00155.1},
}

@Misc{future2021,
  author = {Henrik Bengtsson},
  title = {A Unifying Framework for Parallel and Distributed Processing in R using Futures},
  year = {2021},
  note = {10.32614/RJ-2021-048},
  url = {https://journal.r-project.org/archive/2021/RJ-2021-048/index.html},
}

@Book{ggplot22016,
  author = {Hadley Wickham},
  title = {ggplot2: Elegant Graphics for Data Analysis},
  publisher = {Springer-Verlag New York},
  year = {2016},
  isbn = {978-3-319-24277-4},
  url = {https://ggplot2.tidyverse.org},
}

@Article{igraph2006,
  title = {The igraph software package for complex network research},
  author = {Gabor Csardi and Tamas Nepusz},
  journal = {InterJournal},
  volume = {Complex Systems},
  pages = {1695},
  year = {2006},
  url = {https://igraph.org},
}

@Article{jsonlite2014,
  title = {The jsonlite Package: A Practical and Consistent Mapping Between JSON Data and R Objects},
  author = {Jeroen Ooms},
  journal = {arXiv:1403.2805 [stat.CO]},
  year = {2014},
  url = {https://arxiv.org/abs/1403.2805},
}

@Book{knitr2015,
  title = {Dynamic Documents with {R} and knitr},
  author = {Yihui Xie},
  publisher = {Chapman and Hall/CRC},
  address = {Boca Raton, Florida},
  year = {2015},
  edition = {2nd},
  note = {ISBN 978-1498716963},
  url = {https://yihui.org/knitr/},
}

@InCollection{knitr2014,
  booktitle = {Implementing Reproducible Computational Research},
  editor = {Victoria Stodden and Friedrich Leisch and Roger D. Peng},
  title = {knitr: A Comprehensive Tool for Reproducible Research in {R}},
  author = {Yihui Xie},
  publisher = {Chapman and Hall/CRC},
  year = {2014},
  note = {ISBN 978-1466561595},
  url = {http://www.crcpress.com/product/isbn/9781466561595},
}

@Book{lattice2008,
  title = {Lattice: Multivariate Data Visualization with R},
  author = {Deepayan Sarkar},
  publisher = {Springer},
  address = {New York},
  year = {2008},
  note = {ISBN 978-0-387-75968-5},
  url = {http://lmdvr.r-forge.r-project.org},
}

@Article{lme42015,
  title = {Fitting Linear Mixed-Effects Models Using {lme4}},
  author = {Douglas Bates and Martin M{\"a}chler and Ben Bolker and Steve Walker},
  journal = {Journal of Statistical Software},
  year = {2015},
  volume = {67},
  number = {1},
  pages = {1--48},
  doi = {10.18637/jss.v067.i01},
}

@Article{lmerTest2017,
  title = {{lmerTest} Package: Tests in Linear Mixed Effects Models},
  author = {Alexandra Kuznetsova and Per B. Brockhoff and Rune H. B. Christensen},
  journal = {Journal of Statistical Software},
  year = {2017},
  volume = {82},
  number = {13},
  pages = {1--26},
  doi = {10.18637/jss.v082.i13},
}

@Article{loo2017a,
  title = {Practical Bayesian model evaluation using leave-one-out cross-validation and WAIC},
  author = {Aki Vehtari and Andrew Gelman and Jonah Gabry},
  year = {2017},
  journal = {Statistics and Computing},
  volume = {27},
  issue = {5},
  pages = {1413--1432},
  doi = {10.1007/s11222-016-9696-4},
}

@Article{loo2017b,
  title = {Using stacking to average Bayesian predictive distributions},
  author = {Yuling Yao and Aki Vehtari and Daniel Simpson and Andrew Gelman},
  year = {2017},
  journal = {Bayesian Analysis},
  doi = {10.1214/17-BA1091},
}

@Article{lubridate2011,
  title = {Dates and Times Made Easy with {lubridate}},
  author = {Garrett Grolemund and Hadley Wickham},
  journal = {Journal of Statistical Software},
  year = {2011},
  volume = {40},
  number = {3},
  pages = {1--25},
  url = {https://www.jstatsoft.org/v40/i03/},
}

@Book{MASS2002,
  title = {Modern Applied Statistics with S},
  author = {W. N. Venables and B. D. Ripley},
  publisher = {Springer},
  edition = {Fourth},
  address = {New York},
  year = {2002},
  note = {ISBN 0-387-95457-0},
  url = {https://www.stats.ox.ac.uk/pub/MASS4/},
}

@Article{MCMCglmm2010,
  title = {MCMC Methods for Multi-Response Generalized Linear Mixed Models: The {MCMCglmm} {R} Package},
  author = {Jarrod D Hadfield},
  journal = {Journal of Statistical Software},
  year = {2010},
  volume = {33},
  number = {2},
  pages = {1--22},
  url = {https://www.jstatsoft.org/v33/i02/},
}

@Article{mgcv2011,
  title = {Fast stable restricted maximum likelihood and marginal 
likelihood estimation of semiparametric generalized linear models},
  journal = {Journal of the Royal Statistical Society (B)},
  volume = {73},
  number = {1},
  pages = {3-36},
  year = {2011},
  author = {S. N. Wood},
}

@Article{mgcv2016,
  title = {Smoothing parameter and model selection for general smooth models (with discussion)},
  author = {S.N. Wood and {N.} and {Pya} and B. S{"a}fken},
  journal = {Journal of the American Statistical Association},
  year = {2016},
  pages = {1548-1575},
  volume = {111},
}

@Article{mgcv2004,
  title = {Stable and efficient multiple smoothing parameter estimation for 
         generalized additive models},
  journal = {Journal of the American Statistical Association},
  volume = {99},
  number = {467},
  pages = {673-686},
  year = {2004},
  author = {S. N. Wood},
}

@Book{mgcv2017,
  title = {Generalized Additive Models: An Introduction with R},
  year = {2017},
  author = {S.N Wood},
  edition = {2},
  publisher = {Chapman and Hall/CRC},
}

@Article{mgcv2003,
  title = {Thin-plate regression splines},
  journal = {Journal of the Royal Statistical Society (B)},
  volume = {65},
  number = {1},
  pages = {95-114},
  year = {2003},
  author = {S. N. Wood},
}

@Book{mvtnorm2009,
  title = {Computation of Multivariate Normal and t Probabilities},
  author = {Alan Genz and Frank Bretz},
  series = {Lecture Notes in Statistics},
  year = {2009},
  publisher = {Springer-Verlag},
  address = {Heidelberg},
  isbn = {978-3-642-01688-2},
}

@Article{nadiv2012,
  title = {{nadiv}: an {R} package to create relatedness matrices for estimating non-additive genetic variances in animal models},
  author = {Matthew E. Wolak},
  journal = {Methods in Ecology and Evolution},
  year = {2012},
  volume = {3},
  number = {5},
  pages = {792-796},
  url = {https://besjournals.onlinelibrary.wiley.com/doi/full/10.1111/j.2041-210X.2012.00213.x},
}

@Article{nloptr?,
  title = {The NLopt nonlinear-optimization package},
  author = {Steven G. Johnson},
  year = {?},
  journal = {?},
  volume = {?},
  number = {?},
  pages = {?},
}

@Book{nnet2002,
  title = {Modern Applied Statistics with S},
  author = {W. N. Venables and B. D. Ripley},
  publisher = {Springer},
  edition = {Fourth},
  address = {New York},
  year = {2002},
  note = {ISBN 0-387-95457-0},
  url = {https://www.stats.ox.ac.uk/pub/MASS4/},
}

@Article{optimx2011,
  title = {Unifying Optimization Algorithms to Aid Software System Users: {optimx} for {R}},
  author = {John C. Nash and Ravi Varadhan},
  journal = {Journal of Statistical Software},
  year = {2011},
  volume = {43},
  number = {9},
  pages = {1--14},
  doi = {10.18637/jss.v043.i09},
}

@Article{optimx2014,
  title = {On Best Practice Optimization Methods in {R}},
  author = {John C. Nash},
  journal = {Journal of Statistical Software},
  year = {2014},
  volume = {60},
  number = {2},
  pages = {1--14},
  doi = {10.18637/jss.v060.i02},
}

@Article{plyr2011,
  title = {The Split-Apply-Combine Strategy for Data Analysis},
  author = {Hadley Wickham},
  journal = {Journal of Statistical Software},
  year = {2011},
  volume = {40},
  number = {1},
  pages = {1--29},
  url = {http://www.jstatsoft.org/v40/i01/},
}

@Article{posterior2020,
  title = {Rank-normalization, folding, and localization: An improved Rhat
for assessing convergence of MCMC},
  author = {Aki Vehtari and Andrew Gelman and Daniel Simpson and Bob Carpenter and Paul-Christian Bürkner},
  year = {2020},
  journal = {Bayesian Analysis},
}

@Article{Rcpp2011,
  title = {{Rcpp}: Seamless {R} and {C++} Integration},
  author = {Dirk Eddelbuettel and Romain Fran\c{c}ois},
  journal = {Journal of Statistical Software},
  year = {2011},
  volume = {40},
  number = {8},
  pages = {1--18},
  url = {https://www.jstatsoft.org/v40/i08/},
  doi = {10.18637/jss.v040.i08},
}

@Book{Rcpp2013,
  title = {Seamless {R} and {C++} Integration with {Rcpp}},
  author = {Dirk Eddelbuettel},
  publisher = {Springer},
  address = {New York},
  year = {2013},
  note = {ISBN 978-1-4614-6867-7},
  doi = {10.1007/978-1-4614-6868-4},
}

@Article{Rcpp2018,
  title = {{Extending 	extit{R} with 	extit{C++}: A Brief Introduction to 	extit{Rcpp}}},
  author = {Dirk Eddelbuettel and James Joseph Balamuta},
  journal = {The American Statistician},
  year = {2018},
  volume = {72},
  number = {1},
  pages = {28-36},
  url = {https://doi.org/10.1080/00031305.2017.1375990},
  doi = {10.1080/00031305.2017.1375990},
}

@Article{RcppArmadillo2014,
  title = {RcppArmadillo: Accelerating R with high-performance C++ linear algebra},
  author = {Dirk Eddelbuettel and Conrad Sanderson},
  journal = {Computational	Statistics and Data Analysis},
  year = {2014},
  volume = {71},
  month = {March},
  pages = {1054--1063},
  url = {http://dx.doi.org/10.1016/j.csda.2013.02.005},
}

@Article{RcppEigen2013,
  title = {Fast and Elegant Numerical Linear Algebra Using the {RcppEigen} Package},
  author = {Douglas Bates and Dirk Eddelbuettel},
  journal = {Journal of Statistical Software},
  year = {2013},
  volume = {52},
  number = {5},
  pages = {1--24},
  url = {https://www.jstatsoft.org/v52/i05/},
}

@Article{reshape2007,
  author = {Hadley Wickham},
  journal = {Journal of Statistical Software},
  number = {12},
  title = {Reshaping data with the reshape package},
  url = {http://www.jstatsoft.org/v21/i12/paper},
  volume = {21},
  year = {2007},
}

@Article{reshape22007,
  title = {Reshaping Data with the {reshape} Package},
  author = {Hadley Wickham},
  journal = {Journal of Statistical Software},
  year = {2007},
  volume = {21},
  number = {12},
  pages = {1--20},
  url = {http://www.jstatsoft.org/v21/i12/},
}

@Book{rmarkdown2018,
  title = {R Markdown: The Definitive Guide},
  author = {Yihui Xie and J.J. Allaire and Garrett Grolemund},
  publisher = {Chapman and Hall/CRC},
  address = {Boca Raton, Florida},
  year = {2018},
  note = {ISBN 9781138359338},
  url = {https://bookdown.org/yihui/rmarkdown},
}

@Book{rmarkdown2020,
  title = {R Markdown Cookbook},
  author = {Yihui Xie and Christophe Dervieux and Emily Riederer},
  publisher = {Chapman and Hall/CRC},
  address = {Boca Raton, Florida},
  year = {2020},
  note = {ISBN 9780367563837},
  url = {https://bookdown.org/yihui/rmarkdown-cookbook},
}

@Article{rptR2017,
  title = {rptR: Repeatability estimation and variance decomposition by generalized linear mixed-effects models},
  author = {Martin A. Stoffel and Shinichi Nakagawa and Holger Schielzeth},
  journal = {Methods in Ecology and Evolution},
  year = {2017},
  volume = {8},
  issue = {11},
  pages = {1639???1644},
  doi = {10.1111/2041-210X.12797},
  url = {http://onlinelibrary.wiley.com/doi/10.1111/2041-210X.12797/full},
}

@TechReport{selectr2012,
  title = {Introducing the selectr Package},
  author = {Simon Potter},
  institution = {The University of Auckland},
  address = {Auckland, New Zealand},
  year = {2012},
  url = {http://stattech.wordpress.fos.auckland.ac.nz/2012-10-introducing-the-selectr-package/},
}

@Book{spatial2002,
  title = {Modern Applied Statistics with S},
  author = {W. N. Venables and B. D. Ripley},
  publisher = {Springer},
  edition = {Fourth},
  address = {New York},
  year = {2002},
  note = {ISBN 0-387-95457-0},
  url = {https://www.stats.ox.ac.uk/pub/MASS4/},
}

@Article{stringi2021,
  title = {stringi: Fast and portable character string processing in R},
  author = {Marek Gagolewski},
  journal = {Journal of Statistical Software},
  year = {2021},
  note = {to appear},
}

@Book{survival-book,
  title = {Modeling Survival Data: Extending the {C}ox Model},
  author = {{Terry M. Therneau} and {Patricia M. Grambsch}},
  year = {2000},
  publisher = {Springer},
  address = {New York},
  isbn = {0-387-98784-3},
}

@Manual{svUnit2021,
  title = {SciViews-R},
  author = {Philippe Grosjean},
  organization = {UMONS},
  address = {MONS, Belgium},
  year = {2021},
  url = {https://www.sciviews.org/SciViews-R/},
}

@Article{tidyverse2019,
  title = {Welcome to the {tidyverse}},
  author = {Hadley Wickham and Mara Averick and Jennifer Bryan and Winston Chang and Lucy D'Agostino McGowan and Romain François and Garrett Grolemund and Alex Hayes and Lionel Henry and Jim Hester and Max Kuhn and Thomas Lin Pedersen and Evan Miller and Stephan Milton Bache and Kirill Müller and Jeroen Ooms and David Robinson and Dana Paige Seidel and Vitalie Spinu and Kohske Takahashi and Davis Vaughan and Claus Wilke and Kara Woo and Hiroaki Yutani},
  year = {2019},
  journal = {Journal of Open Source Software},
  volume = {4},
  number = {43},
  pages = {1686},
  doi = {10.21105/joss.01686},
}

@Article{tinytex2019,
  title = {TinyTeX: A lightweight, cross-platform, and easy-to-maintain LaTeX distribution based on TeX Live},
  author = {Yihui Xie},
  journal = {TUGboat},
  year = {2019},
  volumne = {40},
  number = {1},
  pages = {30--32},
  url = {https://tug.org/TUGboat/Contents/contents40-1.html},
}

@Article{zoo2005,
  title = {zoo: S3 Infrastructure for Regular and Irregular Time Series},
  author = {Achim Zeileis and Gabor Grothendieck},
  journal = {Journal of Statistical Software},
  year = {2005},
  volume = {14},
  number = {6},
  pages = {1--27},
  doi = {10.18637/jss.v014.i06},
}

