@Manual{abind,
title = {{abind}: Combine Multidimensional Arrays},
  author = {Tony Plate and Richard Heiberger},
  year = {2016},
  note = {R package version 1.4-5},
  url = {https://CRAN.R-project.org/package=abind},
}
@Article{ape,
  title = {ape 5.0: an environment for modern phylogenetics and evolutionary analyses in {R}},
  author = {Emmanuel Paradis and Klaus Schliep},
  journal = {Bioinformatics},
  year = {2019},
  volume = {35},
  pages = {526-528},
  doi = {10.1093/bioinformatics/bty633},
}
@Manual{arrayhelpers,
title = {{arrayhelpers}: Convenience Functions for Arrays},
  author = {C. Beleites},
  year = {2020},
  note = {R package version 1.1-0},
  url = {https://CRAN.R-project.org/package=arrayhelpers},
}
@Manual{askpass,
title = {{askpass}: Password Entry Utilities for R, Git, and SSH},
  author = {Jeroen Ooms},
  year = {2023},
  note = {R package version 1.2.0},
  url = {https://CRAN.R-project.org/package=askpass},
}
@Manual{asreml,
title = {{asreml}: Fits Linear Mixed Models using REML},
  author = {{The VSNi Team}},
  year = {2023},
  note = {R package version 4.2.0.302},
  url = {www.vsni.co.uk},
}
@Manual{backports,
title = {{backports}: Reimplementations of Functions Introduced Since R-3.0.0},
  author = {Michel Lang and {R Core Team}},
  year = {2021},
  note = {R package version 1.4.1},
  url = {https://CRAN.R-project.org/package=backports},
}
@Manual{base,
title = {{R}: A Language and Environment for Statistical Computing},
  author = {{R Core Team}},
  organization = {R Foundation for Statistical Computing},
  address = {Vienna, Austria},
  year = {2024},
  url = {https://www.R-project.org/},
}
@Manual{base64enc,
  title = {base64enc: Tools for base64 encoding},
  author = {Simon Urbanek},
  year = {2015},
  note = {R package version 0.1-3},
  url = {https://CRAN.R-project.org/package=base64enc},
}
@Misc{bayesplot2024,
title = {{bayesplot}: Plotting for Bayesian Models},
  author = {Jonah Gabry and Tristan Mahr},
  year = {2024},
  note = {R package version 1.11.1},
  url = {https://mc-stan.org/bayesplot/},
}

@Article{bayesplot2019,
  title = {Visualization in Bayesian workflow},
  author = {Jonah Gabry and Daniel Simpson and Aki Vehtari and Michael Betancourt and Andrew Gelman},
  year = {2019},
  journal = {J. R. Stat. Soc. A},
  volume = {182},
  issue = {2},
  pages = {389-402},
  doi = {10.1111/rssa.12378},
}
@Article{bayestestR,
title = {{bayestestR}: Describing Effects and their Uncertainty, Existence and Significance within the Bayesian Framework.},
  author = {Dominique Makowski and Mattan S. Ben-Shachar and Daniel Lüdecke},
  journal = {Journal of Open Source Software},
  doi = {10.21105/joss.01541},
  year = {2019},
  number = {40},
  volume = {4},
  pages = {1541},
  url = {https://joss.theoj.org/papers/10.21105/joss.01541},
}
@Manual{BH,
title = {{BH}: Boost C++ Header Files},
  author = {Dirk Eddelbuettel and John W. Emerson and Michael J. Kane},
  year = {2024},
  note = {R package version 1.84.0-0},
  url = {https://CRAN.R-project.org/package=BH},
}
@Manual{bit,
title = {{bit}: Classes and Methods for Fast Memory-Efficient Boolean Selections},
  author = {Jens Oehlschlägel and Brian Ripley},
  year = {2022},
  note = {R package version 4.0.5},
  url = {https://CRAN.R-project.org/package=bit},
}
@Manual{bit64,
  title = {bit64: A S3 Class for Vectors of 64bit Integers},
  author = {Jens Oehlschlägel and Leonardo Silvestri},
  year = {2020},
  note = {R package version 4.0.5},
  url = {https://CRAN.R-project.org/package=bit64},
}
@Manual{blob,
title = {{blob}: A Simple S3 Class for Representing Vectors of Binary Data
(`{BLOBS}')},
  author = {Hadley Wickham},
  year = {2023},
  note = {R package version 1.2.4},
  url = {https://CRAN.R-project.org/package=blob},
}
@Manual{bookdown2024,
title = {{bookdown}: Authoring Books and Technical Documents with R Markdown},
  author = {Yihui Xie},
  year = {2024},
  note = {R package version 0.38},
  url = {https://github.com/rstudio/bookdown},
}

@Book{bookdown2016,
title = {{bookdown}: Authoring Books and Technical Documents with {R} Markdown},
  author = {Yihui Xie},
  publisher = {Chapman and Hall/CRC},
  address = {Boca Raton, Florida},
  year = {2016},
  isbn = {978-1138700109},
  url = {https://bookdown.org/yihui/bookdown},
}
@Article{bridgesampling,
  title = {{bridgesampling}: An {R} Package for Estimating Normalizing Constants},
  author = {Quentin F. Gronau and Henrik Singmann and Eric-Jan Wagenmakers},
  journal = {Journal of Statistical Software},
  year = {2020},
  volume = {92},
  number = {10},
  pages = {1--29},
  doi = {10.18637/jss.v092.i10},
}
@Manual{brio,
title = {{brio}: Basic R Input Output},
  author = {Jim Hester and Gábor Csárdi},
  year = {2023},
  note = {R package version 1.1.4},
  url = {https://CRAN.R-project.org/package=brio},
}
@Article{brms2017,
  title = {{brms}: An {R} Package for {Bayesian} Multilevel Models Using {Stan}},
  author = {Paul-Christian Bürkner},
  journal = {Journal of Statistical Software},
  year = {2017},
  volume = {80},
  number = {1},
  pages = {1--28},
  doi = {10.18637/jss.v080.i01},
  encoding = {UTF-8},
}

@Article{brms2018,
  title = {Advanced {Bayesian} Multilevel Modeling with the {R} Package {brms}},
  author = {Paul-Christian Bürkner},
  journal = {The R Journal},
  year = {2018},
  volume = {10},
  number = {1},
  pages = {395--411},
  doi = {10.32614/RJ-2018-017},
  encoding = {UTF-8},
}

@Article{brms2021,
  title = {Bayesian Item Response Modeling in {R} with {brms} and {Stan}},
  author = {Paul-Christian Bürkner},
  journal = {Journal of Statistical Software},
  year = {2021},
  volume = {100},
  number = {5},
  pages = {1--54},
  doi = {10.18637/jss.v100.i05},
  encoding = {UTF-8},
}
@Article{Brobdingnag,
  title = {Very large numbers in R: Introducing package Brobdingnag},
  author = {R. K. S. Hankin},
  journal = {R News},
  year = {2007},
  volume = {7},
  issue = {3},
}
@Manual{broommixed,
title = {{broom.mixed}: Tidying Methods for Mixed Models},
  author = {Ben Bolker and David Robinson},
  year = {2024},
  note = {R package version 0.2.9.5},
  url = {https://CRAN.R-project.org/package=broom.mixed},
}
@Manual{bslib,
title = {{bslib}: Custom `{Bootstrap}' `{Sass}' Themes for `{shiny}' and `{rmarkdown}'},
  author = {Carson Sievert and Joe Cheng and Garrick Aden-Buie},
  year = {2024},
  note = {R package version 0.7.0},
  url = {https://CRAN.R-project.org/package=bslib},
}
@Manual{cachem,
title = {{cachem}: Cache R Objects with Automatic Pruning},
  author = {Winston Chang},
  year = {2023},
  note = {R package version 1.0.8},
  url = {https://CRAN.R-project.org/package=cachem},
}
@Manual{callr,
title = {{callr}: Call R from R},
  author = {Gábor Csárdi and Winston Chang},
  year = {2024},
  note = {R package version 3.7.6},
  url = {https://CRAN.R-project.org/package=callr},
}
@Book{car,
  title = {An {R} Companion to Applied Regression},
  edition = {Third},
  author = {John Fox and Sanford Weisberg},
  year = {2019},
  publisher = {Sage},
  address = {Thousand Oaks {CA}},
  url = {https://socialsciences.mcmaster.ca/jfox/Books/Companion/},
}
@Manual{carData,
title = {{carData}: Companion to Applied Regression Data Sets},
  author = {John Fox and Sanford Weisberg and Brad Price},
  year = {2022},
  note = {R package version 3.0-5},
  url = {https://CRAN.R-project.org/package=carData},
}
@Manual{cellranger,
title = {{cellranger}: Translate Spreadsheet Cell Ranges to Rows and Columns},
  author = {Jennifer Bryan},
  year = {2016},
  note = {R package version 1.1.0},
  url = {https://CRAN.R-project.org/package=cellranger},
}
@Article{checkmate,
  title = {{checkmate}: Fast Argument Checks for Defensive {R} Programming},
  author = {Michel Lang},
  journal = {The R Journal},
  year = {2017},
  doi = {10.32614/RJ-2017-028},
  pages = {437--445},
  volume = {9},
  number = {1},
}
@Manual{clipr,
title = {{clipr}: Read and Write from the System Clipboard},
  author = {Matthew Lincoln},
  year = {2022},
  note = {R package version 0.8.0},
  url = {https://CRAN.R-project.org/package=clipr},
}
@Article{coda,
title = {{CODA}: Convergence Diagnosis and Output Analysis for MCMC},
  author = {Martyn Plummer and Nicky Best and Kate Cowles and Karen Vines},
  journal = {R News},
  year = {2006},
  volume = {6},
  number = {1},
  pages = {7--11},
  url = {https://journal.r-project.org/archive/},
  pdf = {https://www.r-project.org/doc/Rnews/Rnews_2006-1.pdf},
}
@Article{colorspace2020a,
  title = {{colorspace}: A Toolbox for Manipulating and Assessing Colors and Palettes},
  author = {Achim Zeileis and Jason C. Fisher and Kurt Hornik and Ross Ihaka and Claire D. McWhite and Paul Murrell and Reto Stauffer and Claus O. Wilke},
  journal = {Journal of Statistical Software},
  year = {2020},
  volume = {96},
  number = {1},
  pages = {1--49},
  doi = {10.18637/jss.v096.i01},
}

@Article{colorspace2009b,
  title = {Escaping {RGB}land: Selecting Colors for Statistical Graphics},
  author = {Achim Zeileis and Kurt Hornik and Paul Murrell},
  journal = {Computational Statistics \& Data Analysis},
  year = {2009},
  volume = {53},
  number = {9},
  pages = {3259--3270},
  doi = {10.1016/j.csda.2008.11.033},
}

@Article{colorspace2009c,
  title = {Somewhere over the Rainbow: How to Make Effective Use of Colors in Meteorological Visualizations},
  author = {Reto Stauffer and Georg J. Mayr and Markus Dabernig and Achim Zeileis},
  journal = {Bulletin of the American Meteorological Society},
  year = {2009},
  volume = {96},
  number = {2},
  pages = {203--216},
  doi = {10.1175/BAMS-D-13-00155.1},
}
@Manual{commonmark,
title = {{commonmark}: High Performance CommonMark and Github Markdown Rendering in R},
  author = {Jeroen Ooms},
  year = {2024},
  note = {R package version 1.9.1},
  url = {https://CRAN.R-project.org/package=commonmark},
}
@Manual{corpcor,
title = {{corpcor}: Efficient Estimation of Covariance and (Partial) Correlation},
  author = {Juliane Schafer and Rainer Opgen-Rhein and Verena Zuber and Miika Ahdesmaki and A. Pedro Duarte Silva and Korbinian Strimmer.},
  year = {2021},
  note = {R package version 1.6.10},
  url = {https://CRAN.R-project.org/package=corpcor},
}
@Manual{corrplot2021,
  title = {R package `{corrplot}': Visualization of a Correlation Matrix},
  author = {Taiyun Wei and Viliam Simko},
  year = {2021},
  note = {(Version 0.92)},
  url = {https://github.com/taiyun/corrplot},
}
@Manual{cowplot,
title = {{cowplot}: Streamlined Plot Theme and Plot Annotations for `{ggplot2}'},
  author = {Claus O. Wilke},
  year = {2024},
  note = {R package version 1.1.3},
  url = {https://CRAN.R-project.org/package=cowplot},
}
@Manual{cpp11,
  title = {cpp11: A C++11 Interface for R's C Interface},
  author = {Davis Vaughan and Jim Hester and Romain François},
  year = {2023},
  note = {R package version 0.4.7},
  url = {https://CRAN.R-project.org/package=cpp11},
}
@Manual{crayon,
title = {{crayon}: Colored Terminal Output},
  author = {Gábor Csárdi},
  year = {2022},
  note = {R package version 1.5.2},
  url = {https://CRAN.R-project.org/package=crayon},
}
@Manual{crosstalk,
title = {{crosstalk}: Inter-Widget Interactivity for HTML Widgets},
  author = {Joe Cheng and Carson Sievert},
  year = {2023},
  note = {R package version 1.2.1},
  url = {https://CRAN.R-project.org/package=crosstalk},
}
@Manual{cubature,
title = {{cubature}: Adaptive Multivariate Integration over Hypercubes},
  author = {Balasubramanian Narasimhan and Steven G. Johnson and Thomas Hahn and Annie Bouvier and Kiên Kiêu},
  year = {2023},
  note = {R package version 2.1.0},
  url = {https://CRAN.R-project.org/package=cubature},
}
@Manual{curl,
title = {{curl}: A Modern and Flexible Web Client for R},
  author = {Jeroen Ooms},
  year = {2024},
  note = {R package version 5.2.1},
  url = {https://CRAN.R-project.org/package=curl},
}
@Manual{datatable,
title = {{data.table}: Extension of `{data.frame}'},
  author = {Tyson Barrett and Matt Dowle and Arun Srinivasan and Jan Gorecki and Michael Chirico and Toby Hocking},
  year = {2024},
  note = {R package version 1.15.4},
  url = {https://CRAN.R-project.org/package=data.table},
}
@Article{datawizard,
  title = {{datawizard}: An {R} Package for Easy Data Preparation and Statistical Transformations},
  author = {Indrajeet Patil and Dominique Makowski and Mattan S. Ben-Shachar and Brenton M. Wiernik and Etienne Bacher and Daniel Lüdecke},
  journal = {Journal of Open Source Software},
  year = {2022},
  volume = {7},
  number = {78},
  pages = {4684},
  doi = {10.21105/joss.04684},
}
@Manual{DBI,
title = {{DBI}: R Database Interface},
  author = {{R Special Interest Group on Databases (R-SIG-DB)} and Hadley Wickham and Kirill Müller},
  year = {2024},
  note = {R package version 1.2.2},
  url = {https://CRAN.R-project.org/package=DBI},
}
@Article{dendextend,
  author = {Tal Galili},
title = {{dendextend}: an R package for visualizing, adjusting, and comparing trees of hierarchical clustering},
  journal = {Bioinformatics},
  year = {2015},
  doi = {10.1093/bioinformatics/btv428},
  url = {https://academic.oup.com/bioinformatics/article/31/22/3718/240978/dendextend-an-R-package-for-visualizing-adjusting},
  eprint = {https://academic.oup.com/bioinformatics/article-pdf/31/22/3718/17122682/btv428.pdf},
}
@Manual{desc,
title = {{desc}: Manipulate DESCRIPTION Files},
  author = {Gábor Csárdi and Kirill Müller and Jim Hester},
  year = {2023},
  note = {R package version 1.4.3},
  url = {https://CRAN.R-project.org/package=desc},
}
@Manual{DHARMa,
title = {{DHARMa}: Residual Diagnostics for Hierarchical (Multi-Level / Mixed)
Regression Models},
  author = {Florian Hartig},
  year = {2022},
  note = {R package version 0.4.6},
  url = {https://CRAN.R-project.org/package=DHARMa},
}
@Manual{diffobj,
title = {{diffobj}: Diffs for R Objects},
  author = {Brodie Gaslam},
  year = {2021},
  note = {R package version 0.3.5},
  url = {https://CRAN.R-project.org/package=diffobj},
}
@Manual{digest,
title = {{digest}: Create Compact Hash Digests of R Objects},
  author = {Dirk Eddelbuettel with contributions by Antoine Lucas and Jarek Tuszynski and Henrik Bengtsson and Simon Urbanek and Mario Frasca and Bryan Lewis and Murray Stokely and Hannes Muehleisen and Duncan Murdoch and Jim Hester and Wush Wu and Qiang Kou and Thierry Onkelinx and Michel Lang and Viliam Simko and Kurt Hornik and Radford Neal and Kendon Bell and Matthew {de Queljoe} and Ion Suruceanu and Bill Denney and Dirk Schumacher and Winston Chang and Dean Attali and Michael Chirico.},
  year = {2024},
  note = {R package version 0.6.35},
  url = {https://CRAN.R-project.org/package=digest},
}
@Manual{distributional,
title = {{distributional}: Vectorised Probability Distributions},
  author = {Mitchell O'Hara-Wild and Matthew Kay and Alex Hayes},
  year = {2024},
  note = {R package version 0.4.0},
  url = {https://CRAN.R-project.org/package=distributional},
}
@Manual{doParallel,
title = {{doParallel}: Foreach Parallel Adaptor for the `{parallel}' Package},
  author = {Microsoft Corporation and Steve Weston},
  year = {2022},
  note = {R package version 1.0.17},
  url = {https://CRAN.R-project.org/package=doParallel},
}
@Manual{DT,
title = {{DT}: A Wrapper of the JavaScript Library `{DataTables}'},
  author = {Yihui Xie and Joe Cheng and Xianying Tan},
  year = {2024},
  note = {R package version 0.32},
  url = {https://CRAN.R-project.org/package=DT},
}
@Manual{ellipse,
title = {{ellipse}: Functions for Drawing Ellipses and Ellipse-Like Confidence
Regions},
  author = {Duncan Murdoch and E. D. Chow},
  year = {2023},
  note = {R package version 0.5.0},
  url = {https://CRAN.R-project.org/package=ellipse},
}
@Manual{ellipsis,
title = {{ellipsis}: Tools for Working with ...},
  author = {Hadley Wickham},
  year = {2021},
  note = {R package version 0.3.2},
  url = {https://CRAN.R-project.org/package=ellipsis},
}
@Manual{emmeans,
title = {{emmeans}: Estimated Marginal Means, aka Least-Squares Means},
  author = {Russell V. Lenth},
  year = {2024},
  note = {R package version 1.10.0},
  url = {https://CRAN.R-project.org/package=emmeans},
}
@Manual{emoji,
title = {{emoji}: Data and Function to Work with Emojis},
  author = {Emil Hvitfeldt},
  year = {2022},
  note = {R package version 15.0},
  url = {https://CRAN.R-project.org/package=emoji},
}
@Manual{estimability,
title = {{estimability}: Tools for Assessing Estimability of Linear Predictions},
  author = {Russell Lenth},
  year = {2024},
  note = {R package version 1.5},
  url = {https://CRAN.R-project.org/package=estimability},
}
@Manual{evaluate,
title = {{evaluate}: Parsing and Evaluation Tools that Provide More Details than the
Default},
  author = {Hadley Wickham and Yihui Xie},
  year = {2023},
  note = {R package version 0.23},
  url = {https://CRAN.R-project.org/package=evaluate},
}
@Manual{factoextra,
title = {{factoextra}: Extract and Visualize the Results of Multivariate Data Analyses},
  author = {Alboukadel Kassambara and Fabian Mundt},
  year = {2020},
  note = {R package version 1.0.7},
  url = {https://CRAN.R-project.org/package=factoextra},
}
@Article{FactoMineR,
  title = {{FactoMineR}: A Package for Multivariate Analysis},
  author = {S\'ebastien L\^e and Julie Josse and Fran\c{c}ois Husson},
  journal = {Journal of Statistical Software},
  year = {2008},
  volume = {25},
  number = {1},
  pages = {1--18},
  doi = {10.18637/jss.v025.i01},
}
@Manual{fansi,
title = {{fansi}: ANSI Control Sequence Aware String Functions},
  author = {Brodie Gaslam},
  year = {2023},
  note = {R package version 1.0.6},
  url = {https://CRAN.R-project.org/package=fansi},
}
@Manual{farver,
title = {{farver}: High Performance Colour Space Manipulation},
  author = {Thomas Lin Pedersen and Berendea Nicolae and Romain François},
  year = {2022},
  note = {R package version 2.1.1},
  url = {https://CRAN.R-project.org/package=farver},
}
@Manual{fastmap,
title = {{fastmap}: Fast Data Structures},
  author = {Winston Chang},
  year = {2023},
  note = {R package version 1.1.1},
  url = {https://CRAN.R-project.org/package=fastmap},
}
@Article{flashClust,
  title = {Fast {R} Functions for Robust Correlations and Hierarchical Clustering},
  author = {Peter Langfelder and Steve Horvath},
  journal = {Journal of Statistical Software},
  year = {2012},
  volume = {46},
  number = {11},
  pages = {1--17},
  url = {http://www.jstatsoft.org/v46/i11/},
}
@Manual{fontawesome,
title = {{fontawesome}: Easily Work with `{Font Awesome}' Icons},
  author = {Richard Iannone},
  year = {2023},
  note = {R package version 0.5.2},
  url = {https://CRAN.R-project.org/package=fontawesome},
}
@Manual{foreach,
title = {{foreach}: Provides Foreach Looping Construct},
  author = {{Microsoft} and Steve Weston},
  year = {2022},
  note = {R package version 1.5.2},
  url = {https://CRAN.R-project.org/package=foreach},
}
@Manual{fs,
title = {{fs}: Cross-Platform File System Operations Based on `{libuv}'},
  author = {Jim Hester and Hadley Wickham and Gábor Csárdi},
  year = {2023},
  note = {R package version 1.6.3},
  url = {https://CRAN.R-project.org/package=fs},
}
@Manual{furrr,
title = {{furrr}: Apply Mapping Functions in Parallel using Futures},
  author = {Davis Vaughan and Matt Dancho},
  year = {2022},
  note = {R package version 0.3.1},
  url = {https://CRAN.R-project.org/package=furrr},
}
@Article{RJ-2021-048,
  author = {Henrik Bengtsson},
  title = {A Unifying Framework for Parallel and Distributed Processing in R using Futures},
  year = {2021},
  journal = {The R Journal},
  doi = {10.32614/RJ-2021-048},
  url = {https://doi.org/10.32614/RJ-2021-048},
  pages = {208--227},
  volume = {13},
  number = {2},
}
@Article{RJ-2021-048,
  author = {Henrik Bengtsson},
  title = {A Unifying Framework for Parallel and Distributed Processing in R using Futures},
  year = {2021},
  journal = {The R Journal},
  doi = {10.32614/RJ-2021-048},
  url = {https://doi.org/10.32614/RJ-2021-048},
  pages = {208--227},
  volume = {13},
  number = {2},
}
@Manual{gap2023,
title = {{gap}: Genetic Analysis Package},
  author = {J. H. Zhao},
  year = {2023},
  note = {R package version 1.5-3},
  url = {https://CRAN.R-project.org/package=gap},
}

@Article{gap2007,
title = {{gap}: Genetic Analysis Package},
  author = {J. H. Zhao},
  journal = {Journal of Statistical Software},
  volume = {23},
  number = {8},
  pages = {1-18},
  year = {2007},
  doi = {10.18637/jss.v023.i08},
  url = {https://www.jstatsoft.org/v23/i08},
}
@Manual{gapdatasets,
title = {{gap.datasets}: Datasets for `{gap}'},
  author = {Jing Hua Zhao},
  year = {2023},
  note = {R package version 0.0.6},
  url = {https://CRAN.R-project.org/package=gap.datasets},
}
@Manual{gargle,
title = {{gargle}: Utilities for Working with Google APIs},
  author = {Jennifer Bryan and Craig Citro and Hadley Wickham},
  year = {2023},
  note = {R package version 1.5.2},
  url = {https://CRAN.R-project.org/package=gargle},
}
@Manual{generics,
title = {{generics}: Common S3 Generics not Provided by Base R Methods Related to
Model Fitting},
  author = {Hadley Wickham and Max Kuhn and Davis Vaughan},
  year = {2022},
  note = {R package version 0.1.3},
  url = {https://CRAN.R-project.org/package=generics},
}
@Article{ggdist2024a,
  author = {Matthew Kay},
  title = {{ggdist}: Visualizations of Distributions and Uncertainty in the Grammar of Graphics},
  journal = {IEEE Transactions on Visualization and Computer Graphics},
  year = {2024},
  volume = {30},
  number = {1},
  pages = {414--424},
  doi = {10.1109/TVCG.2023.3327195},
}

@Manual{ggdist2024b,
  title = {{ggdist}: Visualizations of Distributions and Uncertainty},
  author = {Matthew Kay},
  year = {2024},
  note = {R package version 3.3.2},
  url = {https://mjskay.github.io/ggdist/},
  doi = {10.5281/zenodo.3879620},
}
@Manual{ggpubr,
title = {{ggpubr}: `{ggplot2}' Based Publication Ready Plots},
  author = {Alboukadel Kassambara},
  year = {2023},
  note = {R package version 0.6.0},
  url = {https://CRAN.R-project.org/package=ggpubr},
}
@Manual{ggrepel,
title = {{ggrepel}: Automatically Position Non-Overlapping Text Labels with
`{ggplot2}'},
  author = {Kamil Slowikowski},
  year = {2024},
  note = {R package version 0.9.5},
  url = {https://CRAN.R-project.org/package=ggrepel},
}
@Manual{ggridges,
title = {{ggridges}: Ridgeline Plots in `{ggplot2}'},
  author = {Claus O. Wilke},
  year = {2024},
  note = {R package version 0.5.6},
  url = {https://CRAN.R-project.org/package=ggridges},
}
@Manual{ggsci,
title = {{ggsci}: Scientific Journal and Sci-Fi Themed Color Palettes for
`{ggplot2}'},
  author = {Nan Xiao},
  year = {2024},
  note = {R package version 3.0.3},
  url = {https://CRAN.R-project.org/package=ggsci},
}
@Article{ggsignif,
  title = {{ggsignif}: R Package for Displaying Significance Brackets for {`{ggplot2}'}},
  author = {Ahlmann-Eltze Constantin and Indrajeet Patil},
  year = {2021},
  journal = {PsyArxiv},
  url = {https://psyarxiv.com/7awm6},
  doi = {10.31234/osf.io/7awm6},
}
@Manual{globals,
title = {{globals}: Identify Global Objects in R Expressions},
  author = {Henrik Bengtsson},
  year = {2024},
  note = {R package version 0.16.3},
  url = {https://CRAN.R-project.org/package=globals},
}
@Manual{glue,
title = {{glue}: Interpreted String Literals},
  author = {Jim Hester and Jennifer Bryan},
  year = {2024},
  note = {R package version 1.7.0},
  url = {https://CRAN.R-project.org/package=glue},
}
@Manual{grateful,
title = {{grateful}: Facilitate citation of R packages},
  author = {{Francisco Rodriguez-Sanchez} and {Connor P. Jackson}},
  year = {2023},
  url = {https://pakillo.github.io/grateful/},
}
@Manual{gridExtra,
title = {{gridExtra}: Miscellaneous Functions for ``{Grid}'' Graphics},
  author = {Baptiste Auguie},
  year = {2017},
  note = {R package version 2.3},
  url = {https://CRAN.R-project.org/package=gridExtra},
}
@Manual{gtable,
title = {{gtable}: Arrange `{Grobs}' in Tables},
  author = {Hadley Wickham and Thomas Lin Pedersen},
  year = {2023},
  note = {R package version 0.3.4},
  url = {https://CRAN.R-project.org/package=gtable},
}
@Manual{highr,
title = {{highr}: Syntax Highlighting for R Source Code},
  author = {Yihui Xie and Yixuan Qiu},
  year = {2022},
  note = {R package version 0.10},
  url = {https://CRAN.R-project.org/package=highr},
}
@Manual{htmltools,
title = {{htmltools}: Tools for HTML},
  author = {Joe Cheng and Carson Sievert and Barret Schloerke and Winston Chang and Yihui Xie and Jeff Allen},
  year = {2024},
  note = {R package version 0.5.8},
  url = {https://CRAN.R-project.org/package=htmltools},
}
@Manual{htmlwidgets,
title = {{htmlwidgets}: HTML Widgets for R},
  author = {Ramnath Vaidyanathan and Yihui Xie and JJ Allaire and Joe Cheng and Carson Sievert and Kenton Russell},
  year = {2023},
  note = {R package version 1.6.4},
  url = {https://CRAN.R-project.org/package=htmlwidgets},
}
@Manual{httpuv,
title = {{httpuv}: HTTP and WebSocket Server Library},
  author = {Joe Cheng and Winston Chang and Steve Reid and James Brown and Bob Trower and Alexander Peslyak},
  year = {2024},
  note = {R package version 1.6.15},
  url = {https://CRAN.R-project.org/package=httpuv},
}
@Manual{ids,
title = {{ids}: Generate Random Identifiers},
  author = {Rich FitzJohn},
  year = {2017},
  note = {R package version 1.0.1},
  url = {https://CRAN.R-project.org/package=ids},
}
@Manual{inline,
title = {{inline}: Functions to Inline C, C++, Fortran Function Calls from R},
  author = {Oleg Sklyar and Duncan Murdoch and Mike Smith and Dirk Eddelbuettel and Romain Francois and Karline Soetaert and Johannes Ranke},
  year = {2021},
  note = {R package version 0.3.19},
  url = {https://CRAN.R-project.org/package=inline},
}
@Article{insight,
  title = {{insight}: A Unified Interface to Access Information from Model Objects in {R}.},
  volume = {4},
  doi = {10.21105/joss.01412},
  number = {38},
  journal = {Journal of Open Source Software},
  author = {Daniel Lüdecke and Philip Waggoner and Dominique Makowski},
  year = {2019},
  pages = {1412},
}
@Manual{isoband,
title = {{isoband}: Generate Isolines and Isobands from Regularly Spaced Elevation
Grids},
  author = {Hadley Wickham and Claus O. Wilke and Thomas Lin Pedersen},
  year = {2022},
  note = {R package version 0.2.7},
  url = {https://CRAN.R-project.org/package=isoband},
}
@Manual{iterators,
title = {{iterators}: Provides Iterator Construct},
  author = {Revolution Analytics and Steve Weston},
  year = {2022},
  note = {R package version 1.0.14},
  url = {https://CRAN.R-project.org/package=iterators},
}
@Manual{jquerylib,
title = {{jquerylib}: Obtain `{jQuery}' as an HTML Dependency Object},
  author = {Carson Sievert and Joe Cheng},
  year = {2021},
  note = {R package version 0.1.4},
  url = {https://CRAN.R-project.org/package=jquerylib},
}
@Manual{knitr2023,
title = {{knitr}: A General-Purpose Package for Dynamic Report Generation in R},
  author = {Yihui Xie},
  year = {2023},
  note = {R package version 1.45},
  url = {https://yihui.org/knitr/},
}

@Book{knitr2015,
  title = {Dynamic Documents with {R} and knitr},
  author = {Yihui Xie},
  publisher = {Chapman and Hall/CRC},
  address = {Boca Raton, Florida},
  year = {2015},
  edition = {2nd},
  note = {ISBN 978-1498716963},
  url = {https://yihui.org/knitr/},
}

@InCollection{knitr2014,
  booktitle = {Implementing Reproducible Computational Research},
  editor = {Victoria Stodden and Friedrich Leisch and Roger D. Peng},
title = {{knitr}: A Comprehensive Tool for Reproducible Research in {R}},
  author = {Yihui Xie},
  publisher = {Chapman and Hall/CRC},
  year = {2014},
  note = {ISBN 978-1466561595},
}
@Manual{labeling,
title = {{labeling}: Axis Labeling},
  author = {Justin Talbot,},
  year = {2023},
  note = {R package version 0.4.3},
  url = {https://CRAN.R-project.org/package=labeling},
}
@Manual{later,
title = {{later}: Utilities for Scheduling Functions to Execute Later with Event
Loops},
  author = {Winston Chang and Joe Cheng},
  year = {2023},
  note = {R package version 1.3.2},
  url = {https://CRAN.R-project.org/package=later},
}
@Manual{lazyeval,
title = {{lazyeval}: Lazy (Non-Standard) Evaluation},
  author = {Hadley Wickham},
  year = {2019},
  note = {R package version 0.2.2},
  url = {https://CRAN.R-project.org/package=lazyeval},
}
@Manual{leaps,
title = {{leaps}: Regression Subset Selection},
  author = {Thomas Lumley based on Fortran code by Alan Miller},
  year = {2020},
  note = {R package version 3.1},
  url = {https://CRAN.R-project.org/package=leaps},
}
@Manual{lifecycle,
title = {{lifecycle}: Manage the Life Cycle of your Package Functions},
  author = {Lionel Henry and Hadley Wickham},
  year = {2023},
  note = {R package version 1.0.4},
  url = {https://CRAN.R-project.org/package=lifecycle},
}
@Manual{listenv,
title = {{listenv}: Environments Behaving (Almost) as Lists},
  author = {Henrik Bengtsson},
  year = {2024},
  note = {R package version 0.9.1},
  url = {https://CRAN.R-project.org/package=listenv},
}
@Article{lme4,
  title = {Fitting Linear Mixed-Effects Models Using {lme4}},
  author = {Douglas Bates and Martin M{\"a}chler and Ben Bolker and Steve Walker},
  journal = {Journal of Statistical Software},
  year = {2015},
  volume = {67},
  number = {1},
  pages = {1--48},
  doi = {10.18637/jss.v067.i01},
}
@Article{lmerTest,
  title = {{lmerTest} Package: Tests in Linear Mixed Effects Models},
  author = {Alexandra Kuznetsova and Per B. Brockhoff and Rune H. B. Christensen},
  journal = {Journal of Statistical Software},
  year = {2017},
  volume = {82},
  number = {13},
  pages = {1--26},
  doi = {10.18637/jss.v082.i13},
}
@Article{lmtest,
  title = {Diagnostic Checking in Regression Relationships},
  author = {Achim Zeileis and Torsten Hothorn},
  journal = {R News},
  year = {2002},
  volume = {2},
  number = {3},
  pages = {7--10},
  url = {https://CRAN.R-project.org/doc/Rnews/},
}
@Misc{loo2024a,
title = {{loo}: Efficient leave-one-out cross-validation and WAIC for Bayesian models},
  author = {Aki Vehtari and Jonah Gabry and Mans Magnusson and Yuling Yao and Paul-Christian Bürkner and Topi Paananen and Andrew Gelman},
  year = {2024},
  note = {R package version 2.7.0},
  url = {https://mc-stan.org/loo/},
}

@Article{loo2017b,
  title = {Practical Bayesian model evaluation using leave-one-out cross-validation and WAIC},
  author = {Aki Vehtari and Andrew Gelman and Jonah Gabry},
  year = {2017},
  journal = {Statistics and Computing},
  volume = {27},
  issue = {5},
  pages = {1413--1432},
  doi = {10.1007/s11222-016-9696-4},
}

@Article{loo2017c,
  title = {Using stacking to average Bayesian predictive distributions},
  author = {Yuling Yao and Aki Vehtari and Daniel Simpson and Andrew Gelman},
  year = {2017},
  journal = {Bayesian Analysis},
  doi = {10.1214/17-BA1091},
}
@Manual{MatrixModels,
title = {{MatrixModels}: Modelling with Sparse and Dense Matrices},
  author = {Douglas Bates and Martin Maechler},
  year = {2023},
  note = {R package version 0.5-3},
  url = {https://CRAN.R-project.org/package=MatrixModels},
}
@Manual{matrixStats,
title = {{matrixStats}: Functions that Apply to Rows and Columns of Matrices (and to
Vectors)},
  author = {Henrik Bengtsson},
  year = {2023},
  note = {R package version 1.2.0},
  url = {https://CRAN.R-project.org/package=matrixStats},
}
@Article{MCMCglmm,
  title = {MCMC Methods for Multi-Response Generalized Linear Mixed Models: The {MCMCglmm} {R} Package},
  author = {Jarrod D. Hadfield},
  journal = {Journal of Statistical Software},
  year = {2010},
  volume = {33},
  number = {2},
  pages = {1--22},
  url = {https://www.jstatsoft.org/v33/i02/},
}
@Manual{memoise,
title = {{memoise}: `{Memoisation}' of Functions},
  author = {Hadley Wickham and Jim Hester and Winston Chang and Kirill Müller and Daniel Cook},
  year = {2021},
  note = {R package version 2.0.1},
  url = {https://CRAN.R-project.org/package=memoise},
}
@Manual{mime,
title = {{mime}: Map Filenames to MIME Types},
  author = {Yihui Xie},
  year = {2021},
  note = {R package version 0.12},
  url = {https://CRAN.R-project.org/package=mime},
}
@Manual{minqa,
title = {{minqa}: Derivative-Free Optimization Algorithms by Quadratic
Approximation},
  author = {Douglas Bates and Katharine M. Mullen and John C. Nash and Ravi Varadhan},
  year = {2023},
  note = {R package version 1.2.6},
  url = {https://CRAN.R-project.org/package=minqa},
}
@Manual{multcompView,
title = {{multcompView}: Visualizations of Paired Comparisons},
  author = {Spencer Graves and Hans-Peter Piepho and Luciano Selzer with help from Sundar Dorai-Raj},
  year = {2024},
  note = {R package version 0.1-10},
  url = {https://CRAN.R-project.org/package=multcompView},
}
@Manual{munsell,
title = {{munsell}: Utilities for Using Munsell Colours},
  author = {Charlotte Wickham},
  year = {2018},
  note = {R package version 0.5.0},
  url = {https://CRAN.R-project.org/package=munsell},
}
@Book{mvtnorm,
  title = {Computation of Multivariate Normal and t Probabilities},
  author = {Alan Genz and Frank Bretz},
  series = {Lecture Notes in Statistics},
  year = {2009},
  publisher = {Springer-Verlag},
  address = {Heidelberg},
  isbn = {978-3-642-01688-2},
}
@Article{nadiv,
  title = {{nadiv}: an {R} package to create relatedness matrices for estimating non-additive genetic variances in animal models},
  author = {Matthew E. Wolak},
  journal = {Methods in Ecology and Evolution},
  year = {2012},
  volume = {3},
  number = {5},
  pages = {792--796},
  url = {<https://besjournals.onlinelibrary.wiley.com/doi/full/10.1111/j.2041-210X.2012.00213.x>},
}
@Manual{nleqslv,
title = {{nleqslv}: Solve Systems of Nonlinear Equations},
  author = {Berend Hasselman},
  year = {2023},
  note = {R package version 3.3.5},
  url = {https://CRAN.R-project.org/package=nleqslv},
}
@Article{nloptr,
  title = {The NLopt nonlinear-optimization package},
  author = {Steven G. Johnson},
  year = {?},
  journal = {?},
  volume = {?},
  number = {?},
  pages = {?},
}
@Manual{numDeriv,
title = {{numDeriv}: Accurate Numerical Derivatives},
  author = {Paul Gilbert and Ravi Varadhan},
  year = {2019},
  note = {R package version 2016.8-1.1},
  url = {https://CRAN.R-project.org/package=numDeriv},
}
@Manual{openssl,
title = {{openssl}: Toolkit for Encryption, Signatures and Certificates Based on
OpenSSL},
  author = {Jeroen Ooms},
  year = {2023},
  note = {R package version 2.1.1},
  url = {https://CRAN.R-project.org/package=openssl},
}
@Manual{palmerpenguins,
title = {{palmerpenguins}: Palmer Archipelago (Antarctica) penguin data},
  author = {Allison Marie Horst and Alison Presmanes Hill and Kristen B Gorman},
  year = {2020},
  note = {R package version 0.1.0},
  doi = {10.5281/zenodo.3960218},
  url = {https://allisonhorst.github.io/palmerpenguins/},
}
@Manual{parallelly,
title = {{parallelly}: Enhancing the `{parallel}' Package},
  author = {Henrik Bengtsson},
  year = {2024},
  note = {R package version 1.37.1},
  url = {https://CRAN.R-project.org/package=parallelly},
}
@Manual{patchwork,
title = {{patchwork}: The Composer of Plots},
  author = {Thomas Lin Pedersen},
  year = {2024},
  note = {R package version 1.2.0},
  url = {https://CRAN.R-project.org/package=patchwork},
}
@Manual{pbapply,
title = {{pbapply}: Adding Progress Bar to `{*apply}' Functions},
  author = {Peter Solymos and Zygmunt Zawadzki},
  year = {2023},
  note = {R package version 1.7-2},
  url = {https://CRAN.R-project.org/package=pbapply},
}
@Article{pbkrtest,
  title = {A Kenward-Roger Approximation and Parametric Bootstrap Methods for Tests in Linear Mixed Models -- The {R} Package {pbkrtest}},
  author = {Ulrich Halekoh and S{\o}ren H{\o}jsgaard},
  journal = {Journal of Statistical Software},
  year = {2014},
  volume = {59},
  number = {9},
  pages = {1--30},
  url = {https://www.jstatsoft.org/v59/i09/},
}
@Article{performance,
  title = {{performance}: An {R} Package for Assessment, Comparison and Testing of Statistical Models},
  author = {Daniel Lüdecke and Mattan S. Ben-Shachar and Indrajeet Patil and Philip Waggoner and Dominique Makowski},
  year = {2021},
  journal = {Journal of Open Source Software},
  volume = {6},
  number = {60},
  pages = {3139},
  doi = {10.21105/joss.03139},
}
@Manual{pkgbuild,
title = {{pkgbuild}: Find Tools Needed to Build R Packages},
  author = {Hadley Wickham and Jim Hester and Gábor Csárdi},
  year = {2024},
  note = {R package version 1.4.4},
  url = {https://CRAN.R-project.org/package=pkgbuild},
}
@Manual{pkgconfig,
title = {{pkgconfig}: Private Configuration for `{R}' Packages},
  author = {Gábor Csárdi},
  year = {2019},
  note = {R package version 2.0.3},
  url = {https://CRAN.R-project.org/package=pkgconfig},
}
@Manual{pkgload,
title = {{pkgload}: Simulate Package Installation and Attach},
  author = {Hadley Wickham and Winston Chang and Jim Hester and Lionel Henry},
  year = {2024},
  note = {R package version 1.3.4},
  url = {https://CRAN.R-project.org/package=pkgload},
}
@Book{plotly,
  author = {Carson Sievert},
  title = {Interactive Web-Based Data Visualization with R, plotly, and shiny},
  publisher = {Chapman and Hall/CRC},
  year = {2020},
  isbn = {9781138331457},
  url = {https://plotly-r.com},
}
@Article{plyr,
  title = {The Split-Apply-Combine Strategy for Data Analysis},
  author = {Hadley Wickham},
  journal = {Journal of Statistical Software},
  year = {2011},
  volume = {40},
  number = {1},
  pages = {1--29},
  url = {https://www.jstatsoft.org/v40/i01/},
}
@Manual{polynom,
title = {{polynom}: A Collection of Functions to Implement a Class for Univariate Polynomial Manipulations},
  author = {Bill Venables and Kurt Hornik and Martin Maechler},
  year = {2022},
  note = {R package version 1.4-1. S original by Bill Venables, packages for R by Kurt Hornik and Martin Maechler.},
  url = {https://CRAN.R-project.org/package=polynom},
}
@Misc{posterior2023,
title = {{posterior}: Tools for Working with Posterior Distributions},
  author = {Paul-Christian Bürkner and Jonah Gabry and Matthew Kay and Aki Vehtari},
  year = {2023},
  note = {R package version 1.5.0},
  url = {https://mc-stan.org/posterior/},
}

@Article{posterior2021,
  title = {Rank-normalization, folding, and localization: An improved Rhat
for assessing convergence of MCMC (with discussion)},
  author = {Aki Vehtari and Andrew Gelman and Daniel Simpson and Bob Carpenter and Paul-Christian Bürkner},
  year = {2021},
  journal = {Bayesian Analysis},
}
@Manual{praise,
title = {{praise}: Praise Users},
  author = {Gabor Csardi and Sindre Sorhus},
  year = {2015},
  note = {R package version 1.0.0},
  url = {https://CRAN.R-project.org/package=praise},
}
@Manual{prettyunits,
title = {{prettyunits}: Pretty, Human Readable Formatting of Quantities},
  author = {Gabor Csardi},
  year = {2023},
  note = {R package version 1.2.0},
  url = {https://CRAN.R-project.org/package=prettyunits},
}
@Manual{processx,
title = {{processx}: Execute and Control System Processes},
  author = {Gábor Csárdi and Winston Chang},
  year = {2024},
  note = {R package version 3.8.4},
  url = {https://CRAN.R-project.org/package=processx},
}
@Manual{progress,
title = {{progress}: Terminal Progress Bars},
  author = {Gábor Csárdi and Rich FitzJohn},
  year = {2023},
  note = {R package version 1.2.3},
  url = {https://CRAN.R-project.org/package=progress},
}
@Manual{promises,
title = {{promises}: Abstractions for Promise-Based Asynchronous Programming},
  author = {Joe Cheng},
  year = {2023},
  note = {R package version 1.2.1},
  url = {https://CRAN.R-project.org/package=promises},
}
@Manual{ps,
title = {{ps}: List, Query, Manipulate System Processes},
  author = {Jay Loden and Dave Daeschler and Giampaolo Rodola' and Gábor Csárdi},
  year = {2024},
  note = {R package version 1.7.6},
  url = {https://CRAN.R-project.org/package=ps},
}
@Article{qgam,
  title = {{qgam}: {B}ayesian Nonparametric Quantile Regression Modeling in {R}},
  author = {Matteo Fasiolo and Simon N. Wood and Margaux Zaffran and Rapha\"el Nedellec and Yannig Goude},
  journal = {Journal of Statistical Software},
  year = {2021},
  volume = {100},
  number = {9},
  pages = {1--31},
  doi = {10.18637/jss.v100.i09},
}
@Manual{quadprog,
title = {{quadprog}: Functions to Solve Quadratic Programming Problems},
  author = {S original by Berwin A. Turlach R port by Andreas Weingessel <Andreas.Weingessel@ci.tuwien.ac.at> Fortran contributions from Cleve Moler dpodi/LINPACK)},
  year = {2019},
  note = {R package version 1.5-8},
  url = {https://CRAN.R-project.org/package=quadprog},
}
@Manual{quantreg,
title = {{quantreg}: Quantile Regression},
  author = {Roger Koenker},
  year = {2023},
  note = {R package version 5.97},
  url = {https://CRAN.R-project.org/package=quantreg},
}
@Manual{QuickJSR,
title = {{QuickJSR}: Interface for the `{QuickJS}' Lightweight `{JavaScript}' Engine},
  author = {Andrew R. Johnson},
  year = {2024},
  note = {R package version 1.1.3},
  url = {https://CRAN.R-project.org/package=QuickJSR},
}
@Manual{R6,
  title = {R6: Encapsulated Classes with Reference Semantics},
  author = {Winston Chang},
  year = {2021},
  note = {R package version 2.5.1},
  url = {https://CRAN.R-project.org/package=R6},
}
@Manual{rappdirs,
title = {{rappdirs}: Application Directories: Determine Where to Save Data, Caches,
and Logs},
  author = {Sridhar Ratnakumar and Trent Mick and Trevor Davis},
  year = {2021},
  note = {R package version 0.3.3},
  url = {https://CRAN.R-project.org/package=rappdirs},
}
@Manual{rbibutils,
title = {{rbibutils}: Read `{Bibtex}' Files and Convert Between Bibliography Formats},
  author = {Georgi N. Boshnakov and Chris Putman},
  year = {2023},
  note = {R package version 2.2.16},
  url = {https://CRAN.R-project.org/package=rbibutils},
}
@Manual{RColorBrewer,
title = {{RColorBrewer}: ColorBrewer Palettes},
  author = {Erich Neuwirth},
  year = {2022},
  note = {R package version 1.1-3},
  url = {https://CRAN.R-project.org/package=RColorBrewer},
}
@Manual{Rcpp2024,
title = {{Rcpp}: Seamless R and C++ Integration},
  author = {Dirk Eddelbuettel and Romain Francois and JJ Allaire and Kevin Ushey and Qiang Kou and Nathan Russell and Inaki Ucar and Douglas Bates and John Chambers},
  year = {2024},
  note = {R package version 1.0.12},
  url = {https://CRAN.R-project.org/package=Rcpp},
}

@Article{Rcpp2011,
  title = {{Rcpp}: Seamless {R} and {C++} Integration},
  author = {Dirk Eddelbuettel and Romain Fran\c{c}ois},
  journal = {Journal of Statistical Software},
  year = {2011},
  volume = {40},
  number = {8},
  pages = {1--18},
  doi = {10.18637/jss.v040.i08},
}

@Book{Rcpp2013,
  title = {Seamless {R} and {C++} Integration with {Rcpp}},
  author = {Dirk Eddelbuettel},
  publisher = {Springer},
  address = {New York},
  year = {2013},
  note = {ISBN 978-1-4614-6867-7},
  doi = {10.1007/978-1-4614-6868-4},
}

@Article{Rcpp2018,
  title = {{Extending {R} with {C++}: A Brief Introduction to {Rcpp}}},
  author = {Dirk Eddelbuettel and James Joseph Balamuta},
  journal = {The American Statistician},
  year = {2018},
  volume = {72},
  number = {1},
  pages = {28-36},
  doi = {10.1080/00031305.2017.1375990},
}
@Article{RcppEigen,
  title = {Fast and Elegant Numerical Linear Algebra Using the {RcppEigen} Package},
  author = {Douglas Bates and Dirk Eddelbuettel},
  journal = {Journal of Statistical Software},
  year = {2013},
  volume = {52},
  number = {5},
  pages = {1--24},
  doi = {10.18637/jss.v052.i05},
}
@Manual{RcppParallel,
title = {{RcppParallel}: Parallel Programming Tools for `{Rcpp}'},
  author = {JJ Allaire and Romain Francois and Kevin Ushey and Gregory Vandenbrouck and Marcus Geelnard and {Intel}},
  year = {2023},
  note = {R package version 5.1.7},
  url = {https://CRAN.R-project.org/package=RcppParallel},
}
@Misc{Rdpack,
  title = {{Rdpack}: Update and Manipulate Rd Documentation Objects},
  author = {Georgi N. Boshnakov},
  year = {2023},
  note = {R package version 2.6},
  doi = {10.5281/zenodo.3925612},
}
@Manual{rematch,
title = {{rematch}: Match Regular Expressions with a Nicer `{API}'},
  author = {Gabor Csardi},
  year = {2023},
  note = {R package version 2.0.0},
  url = {https://CRAN.R-project.org/package=rematch},
}
@Manual{rematch2,
  title = {rematch2: Tidy Output from Regular Expression Matching},
  author = {Gábor Csárdi},
  year = {2020},
  note = {R package version 2.1.2},
  url = {https://CRAN.R-project.org/package=rematch2},
}
@Manual{remotes,
title = {{remotes}: R Package Installation from Remote Repositories, Including
`{GitHub}'},
  author = {Gábor Csárdi and Jim Hester and Hadley Wickham and Winston Chang and Martin Morgan and Dan Tenenbaum},
  year = {2024},
  note = {R package version 2.5.0},
  url = {https://CRAN.R-project.org/package=remotes},
}
@Manual{renv,
title = {{renv}: Project Environments},
  author = {Kevin Ushey and Hadley Wickham},
  year = {2024},
  note = {R package version 1.0.5},
  url = {https://CRAN.R-project.org/package=renv},
}
@Article{reshape2,
  title = {Reshaping Data with the {reshape} Package},
  author = {Hadley Wickham},
  journal = {Journal of Statistical Software},
  year = {2007},
  volume = {21},
  number = {12},
  pages = {1--20},
  url = {http://www.jstatsoft.org/v21/i12/},
}
@Manual{rmarkdown2024,
title = {{rmarkdown}: Dynamic Documents for R},
  author = {JJ Allaire and Yihui Xie and Christophe Dervieux and Jonathan McPherson and Javier Luraschi and Kevin Ushey and Aron Atkins and Hadley Wickham and Joe Cheng and Winston Chang and Richard Iannone},
  year = {2024},
  note = {R package version 2.26},
  url = {https://github.com/rstudio/rmarkdown},
}

@Book{rmarkdown2018,
  title = {R Markdown: The Definitive Guide},
  author = {Yihui Xie and J.J. Allaire and Garrett Grolemund},
  publisher = {Chapman and Hall/CRC},
  address = {Boca Raton, Florida},
  year = {2018},
  isbn = {9781138359338},
  url = {https://bookdown.org/yihui/rmarkdown},
}

@Book{rmarkdown2020,
  title = {R Markdown Cookbook},
  author = {Yihui Xie and Christophe Dervieux and Emily Riederer},
  publisher = {Chapman and Hall/CRC},
  address = {Boca Raton, Florida},
  year = {2020},
  isbn = {9780367563837},
  url = {https://bookdown.org/yihui/rmarkdown-cookbook},
}
@Manual{rprojroot,
title = {{rprojroot}: Finding Files in Project Subdirectories},
  author = {Kirill Müller},
  year = {2023},
  note = {R package version 2.0.4},
  url = {https://CRAN.R-project.org/package=rprojroot},
}
@Article{rptR,
title = {{rptR}: Repeatability estimation and variance decomposition by generalized linear mixed-effects models},
  author = {Martin A. Stoffel and Shinichi Nakagawa and Holger Schielzeth},
  journal = {Methods in Ecology and Evolution},
  year = {2017},
  volume = {8},
  issue = {11},
  pages = {1639???1644},
  doi = {10.1111/2041-210X.12797},
  url = {http://onlinelibrary.wiley.com/doi/10.1111/2041-210X.12797/full},
}
@Misc{rstan,
  title = {{RStan}: the {R} interface to {Stan}},
  author = {{Stan Development Team}},
  note = {R package version 2.32.6},
  year = {2024},
  url = {https://mc-stan.org/},
}
@Manual{rstantools,
title = {{rstantools}: Tools for Developing R Packages Interfacing with `{Stan}'},
  author = {Jonah Gabry and Ben Goodrich and Martin Lysy and Andrew Johnson},
  year = {2024},
  note = {R package version 2.4.0},
  url = {https://CRAN.R-project.org/package=rstantools},
}
@Manual{rstatix,
title = {{rstatix}: Pipe-Friendly Framework for Basic Statistical Tests},
  author = {Alboukadel Kassambara},
  year = {2023},
  note = {R package version 0.7.2},
  url = {https://CRAN.R-project.org/package=rstatix},
}
@Manual{sass,
title = {{sass}: Syntactically Awesome Style Sheets (`{Sass}')},
  author = {Joe Cheng and Timothy Mastny and Richard Iannone and Barret Schloerke and Carson Sievert},
  year = {2024},
  note = {R package version 0.4.9},
  url = {https://CRAN.R-project.org/package=sass},
}
@Manual{scales,
title = {{scales}: Scale Functions for Visualization},
  author = {Hadley Wickham and Thomas Lin Pedersen and Dana Seidel},
  year = {2023},
  note = {R package version 1.3.0},
  url = {https://CRAN.R-project.org/package=scales},
}
@Article{scatterplot3d,
  title = {Scatterplot3d - an R Package for Visualizing Multivariate Data},
  author = {Uwe Ligges and Martin M{\"a}chler},
  journal = {Journal of Statistical Software},
  year = {2003},
  pages = {1--20},
  number = {11},
  volume = {8},
  doi = {10.18637/jss.v008.i11},
}
@TechReport{selectr,
  title = {Introducing the selectr Package},
  author = {Simon Potter},
  institution = {The University of Auckland},
  address = {Auckland, New Zealand},
  year = {2012},
  url = {http://stattech.wordpress.fos.auckland.ac.nz/2012-10-introducing-the-selectr-package/},
}
@Manual{shiny,
title = {{shiny}: Web Application Framework for R},
  author = {Winston Chang and Joe Cheng and JJ Allaire and Carson Sievert and Barret Schloerke and Yihui Xie and Jeff Allen and Jonathan McPherson and Alan Dipert and Barbara Borges},
  year = {2024},
  note = {R package version 1.8.1},
  url = {https://CRAN.R-project.org/package=shiny},
}
@Manual{sourcetools,
title = {{sourcetools}: Tools for Reading, Tokenizing and Parsing R Code},
  author = {Kevin Ushey},
  year = {2023},
  note = {R package version 0.1.7-1},
  url = {https://CRAN.R-project.org/package=sourcetools},
}
@Manual{SparseM,
title = {{SparseM}: Sparse Linear Algebra},
  author = {Roger Koenker},
  year = {2021},
  note = {R package version 1.81},
  url = {https://CRAN.R-project.org/package=SparseM},
}
@Misc{StanHeaders,
  title = {{StanHeaders}: Headers for the {R} interface to {Stan}},
  author = {{Stan Development Team}},
  note = {R package version 2.21.0-6},
  year = {2020},
  url = {https://mc-stan.org/},
}
@Article{stringi,
  title = {{stringi}: {F}ast and portable character string processing in {R}},
  author = {Marek Gagolewski},
  journal = {Journal of Statistical Software},
  year = {2022},
  volume = {103},
  number = {2},
  pages = {1--59},
  doi = {10.18637/jss.v103.i02},
}
@Manual{svUnit,
  title = {SciViews-R},
  author = {Philippe Grosjean},
  organization = {UMONS},
  address = {MONS, Belgium},
  year = {2024},
  url = {https://www.sciviews.org/SciViews-R/},
}
@Manual{sys,
title = {{sys}: Powerful and Reliable Tools for Running System Commands in R},
  author = {Jeroen Ooms},
  year = {2023},
  note = {R package version 3.4.2},
  url = {https://CRAN.R-project.org/package=sys},
}
@Manual{systemfonts,
title = {{systemfonts}: System Native Font Finding},
  author = {Thomas Lin Pedersen and Jeroen Ooms and Devon Govett},
  year = {2024},
  note = {R package version 1.0.6},
  url = {https://CRAN.R-project.org/package=systemfonts},
}
@Manual{tensorA,
title = {{tensorA}: Advanced Tensor Arithmetic with Named Indices},
  author = {K. Gerald {van den Boogaart}},
  year = {2023},
  note = {R package version 0.36.2.1},
  url = {https://CRAN.R-project.org/package=tensorA},
}
@Article{testthat,
  author = {Hadley Wickham},
title = {{testthat}: Get Started with Testing},
  journal = {The R Journal},
  year = {2011},
  volume = {3},
  pages = {5--10},
  url = {https://journal.r-project.org/archive/2011-1/RJournal_2011-1_Wickham.pdf},
}
@Manual{textshaping,
title = {{textshaping}: Bindings to the `{HarfBuzz}' and `{Fribidi}' Libraries for Text
Shaping},
  author = {Thomas Lin Pedersen},
  year = {2023},
  note = {R package version 0.3.7},
  url = {https://CRAN.R-project.org/package=textshaping},
}
@Manual{tidybayes,
  title = {{tidybayes}: Tidy Data and Geoms for {Bayesian} Models},
  author = {Matthew Kay},
  year = {2023},
  note = {R package version 3.0.6},
  url = {http://mjskay.github.io/tidybayes/},
  doi = {10.5281/zenodo.1308151},
}
@Manual{tidyselect,
title = {{tidyselect}: Select from a Set of Strings},
  author = {Lionel Henry and Hadley Wickham},
  year = {2024},
  note = {R package version 1.2.1},
  url = {https://CRAN.R-project.org/package=tidyselect},
}
@Manual{timechange,
title = {{timechange}: Efficient Manipulation of Date-Times},
  author = {Vitalie Spinu},
  year = {2024},
  note = {R package version 0.3.0},
  url = {https://CRAN.R-project.org/package=timechange},
}
@Manual{tinytex2024,
title = {{tinytex}: Helper Functions to Install and Maintain TeX Live, and Compile
LaTeX Documents},
  author = {Yihui Xie},
  year = {2024},
  note = {R package version 0.50},
  url = {https://github.com/rstudio/tinytex},
}

@Article{tinytex2019,
title = {{TinyTeX}: A lightweight, cross-platform, and easy-to-maintain LaTeX distribution based on TeX Live},
  author = {Yihui Xie},
  journal = {TUGboat},
  year = {2019},
  volume = {40},
  number = {1},
  pages = {30--32},
  url = {https://tug.org/TUGboat/Contents/contents40-1.html},
}
@Manual{tzdb,
title = {{tzdb}: Time Zone Database Information},
  author = {Davis Vaughan},
  year = {2023},
  note = {R package version 0.4.0},
  url = {https://CRAN.R-project.org/package=tzdb},
}
@Manual{utf8,
  title = {utf8: Unicode Text Processing},
  author = {Patrick O. Perry},
  year = {2023},
  note = {R package version 1.2.4},
  url = {https://CRAN.R-project.org/package=utf8},
}
@Manual{uuid,
title = {{uuid}: Tools for Generating and Handling of UUIDs},
  author = {Simon Urbanek and Theodore Ts'o},
  year = {2024},
  note = {R package version 1.2-0},
  url = {https://CRAN.R-project.org/package=uuid},
}
@Manual{vctrs,
title = {{vctrs}: Vector Helpers},
  author = {Hadley Wickham and Lionel Henry and Davis Vaughan},
  year = {2023},
  note = {R package version 0.6.5},
  url = {https://CRAN.R-project.org/package=vctrs},
}
@Manual{viridis,
  title = {{viridis(Lite)} - Colorblind-Friendly Color Maps for R},
  author = {{Garnier} and {Simon} and {Ross} and {Noam} and {Rudis} and {Robert} and {Camargo} and Antônio Pedro and {Sciaini} and {Marco} and {Scherer} and {Cédric}},
  year = {2024},
  note = {viridis package version 0.6.5},
  url = {https://sjmgarnier.github.io/viridis/},
  doi = {10.5281/zenodo.4679423},
}
@Manual{viridisLite,
  title = {{viridis(Lite)} - Colorblind-Friendly Color Maps for R},
  author = {{Garnier} and {Simon} and {Ross} and {Noam} and {Rudis} and {Robert} and {Camargo} and Antônio Pedro and {Sciaini} and {Marco} and {Scherer} and {Cédric}},
  year = {2023},
  note = {viridisLite package version 0.4.2},
  url = {https://sjmgarnier.github.io/viridis/},
  doi = {10.5281/zenodo.4678327},
}
@Manual{vroom,
title = {{vroom}: Read and Write Rectangular Text Data Quickly},
  author = {Jim Hester and Hadley Wickham and Jennifer Bryan},
  year = {2023},
  note = {R package version 1.6.5},
  url = {https://CRAN.R-project.org/package=vroom},
}
@Manual{waldo,
title = {{waldo}: Find Differences Between R Objects},
  author = {Hadley Wickham},
  year = {2023},
  note = {R package version 0.5.2},
  url = {https://CRAN.R-project.org/package=waldo},
}
@Manual{withr,
title = {{withr}: Run Code `{With}' Temporarily Modified Global State},
  author = {Jim Hester and Lionel Henry and Kirill Müller and Kevin Ushey and Hadley Wickham and Winston Chang},
  year = {2024},
  note = {R package version 3.0.0},
  url = {https://CRAN.R-project.org/package=withr},
}
@Manual{xfun,
title = {{xfun}: Supporting Functions for Packages Maintained by `{Yihui Xie}'},
  author = {Yihui Xie},
  year = {2024},
  note = {R package version 0.43},
  url = {https://CRAN.R-project.org/package=xfun},
}
@Manual{xtable,
title = {{xtable}: Export Tables to LaTeX or HTML},
  author = {David B. Dahl and David Scott and Charles Roosen and Arni Magnusson and Jonathan Swinton},
  year = {2019},
  note = {R package version 1.8-4},
  url = {https://CRAN.R-project.org/package=xtable},
}
@Manual{yaml,
title = {{yaml}: Methods to Convert R Data to YAML and Back},
  author = {Shawn P Garbett and Jeremy Stephens and Kirill Simonov and Yihui Xie and Zhuoer Dong and Hadley Wickham and Jeffrey Horner and {reikoch} and Will Beasley and Brendan O'Connor and Gregory R. Warnes and Michael Quinn and Zhian N. Kamvar},
  year = {2023},
  note = {R package version 2.3.8},
  url = {https://CRAN.R-project.org/package=yaml},
}
@Article{zoo,
title = {{zoo}: S3 Infrastructure for Regular and Irregular Time Series},
  author = {Achim Zeileis and Gabor Grothendieck},
  journal = {Journal of Statistical Software},
  year = {2005},
  volume = {14},
  number = {6},
  pages = {1--27},
  doi = {10.18637/jss.v014.i06},
}
@Article{tidyverse,
  title = {Welcome to the {tidyverse}},
  author = {Hadley Wickham and Mara Averick and Jennifer Bryan and Winston Chang and Lucy D'Agostino McGowan and Romain François and Garrett Grolemund and Alex Hayes and Lionel Henry and Jim Hester and Max Kuhn and Thomas Lin Pedersen and Evan Miller and Stephan Milton Bache and Kirill Müller and Jeroen Ooms and David Robinson and Dana Paige Seidel and Vitalie Spinu and Kohske Takahashi and Davis Vaughan and Claus Wilke and Kara Woo and Hiroaki Yutani},
  year = {2019},
  journal = {Journal of Open Source Software},
  volume = {4},
  number = {43},
  pages = {1686},
  doi = {10.21105/joss.01686},
}
